{
  "hits": 62,
  "items": [
    {
      "id": 2558,
      "category": "Packaged & Ready Meals",
      "category1": null,
      "category2": "Breakfast & Cereals",
      "category3": "Cereals Other",
      "category4": null,
      "category1Url": null,
      "category2Url": null,
      "category3Url": null,
      "category4Url": null,
      "name": "Mighty Grain Cereal",
      "brand": "Coles",
      "brandAndName": "Coles Mighty Grain Cereal ",
      "volumeSize": "560g",
      "imageFileName": "2558.jpg",
      "collected": null,
      "available": null,
      "disableFromView": null,
      "preferredSupplier": null,
      "disableFromListory": null,
      "url": "coles-mighty-grain-cereal-560-g",
      "supplierProducts": [
        {
          "supplierProductId": 2558,
          "supplierCode": "COLES",
          "supplierName": "Coles",
          "price": 3.5,
          "discount": 0,
          "percentDiscount": 0,
          "perGroupQuantity": 0,
          "perGroupPrice": 0,
          "weightDefinition": "g",
          "cupPrice": 6.25,
          "cupDefinition": "per kg",
          "cupWeight": 560,
          "cupString": "per kg",
          "available": true
        }
      ]
    },
    {
      "id": 2562,
      "category": "Packaged & Ready Meals",
      "category1": null,
      "category2": "Breakfast & Cereals",
      "category3": "Cocoa Cereals",
      "category4": null,
      "category1Url": null,
      "category2Url": null,
      "category3Url": null,
      "category4Url": null,
      "name": "Milo Cereal Value Pack",
      "brand": "Nestle",
      "brandAndName": "Nestle Milo Cereal Value Pack ",
      "volumeSize": "700g",
      "imageFileName": "30454.jpg",
      "collected": null,
      "available": null,
      "disableFromView": null,
      "preferredSupplier": null,
      "disableFromListory": null,
      "url": "nestle-milo-cereal-value-pack-700-g",
      "supplierProducts": [
        {
          "supplierProductId": 2562,
          "supplierCode": "COLES",
          "supplierName": "Coles",
          "price": 7.7,
          "discount": 0,
          "percentDiscount": 0,
          "perGroupQuantity": null,
          "perGroupPrice": null,
          "weightDefinition": "g",
          "cupPrice": 11,
          "cupDefinition": "per kg",
          "cupWeight": 700,
          "cupString": "per kg",
          "available": true
        }
      ]
    },
    {
      "id": 2567,
      "category": "Packaged & Ready Meals",
      "category1": null,
      "category2": "Breakfast & Cereals",
      "category3": "Cereals",
      "category4": null,
      "category1Url": null,
      "category2Url": null,
      "category3Url": null,
      "category4Url": null,
      "name": "Breakfast Plus Cereal",
      "brand": "Uncle Tobys",
      "brandAndName": "Uncle Tobys Breakfast Plus Cereal ",
      "volumeSize": "410g",
      "imageFileName": "30508.jpg",
      "collected": null,
      "available": null,
      "disableFromView": null,
      "preferredSupplier": null,
      "disableFromListory": null,
      "url": "uncle-tobys-breakfast-plus-cereal-410-g",
      "supplierProducts": [
        {
          "supplierProductId": 30508,
          "supplierCode": "WOOLIES",
          "supplierName": "Woolworths",
          "price": 4.49,
          "discount": 0,
          "percentDiscount": 0,
          "perGroupQuantity": null,
          "perGroupPrice": null,
          "weightDefinition": "g",
          "cupPrice": 10.95,
          "cupDefinition": "per kg",
          "cupWeight": 410,
          "cupString": "per kg",
          "available": true
        },
        {
          "supplierProductId": 2567,
          "supplierCode": "COLES",
          "supplierName": "Coles",
          "price": 4.95,
          "discount": 0,
          "percentDiscount": 0,
          "perGroupQuantity": null,
          "perGroupPrice": null,
          "weightDefinition": "g",
          "cupPrice": 12.07,
          "cupDefinition": "per kg",
          "cupWeight": 410,
          "cupString": "per kg",
          "available": true
        }
      ]
    },
    {
      "id": 2569,
      "category": "Packaged & Ready Meals",
      "category1": null,
      "category2": "Breakfast & Cereals",
      "category3": "Granola",
      "category4": null,
      "category1Url": null,
      "category2Url": null,
      "category3Url": null,
      "category4Url": null,
      "name": "Simply Nut Granola Oats",
      "brand": "Dorset Cereals",
      "brandAndName": "Dorset Cereals Simply Nut Granola Oats ",
      "volumeSize": "550g",
      "imageFileName": "30560.jpg",
      "collected": null,
      "available": null,
      "disableFromView": null,
      "preferredSupplier": null,
      "disableFromListory": null,
      "url": "dorset-cereals-simply-nut-granola-oats-550-g",
      "supplierProducts": [
        {
          "supplierProductId": 30560,
          "supplierCode": "WOOLIES",
          "supplierName": "Woolworths",
          "price": 8.3,
          "discount": 0,
          "percentDiscount": 0,
          "perGroupQuantity": null,
          "perGroupPrice": null,
          "weightDefinition": "g",
          "cupPrice": 15.09,
          "cupDefinition": "per kg",
          "cupWeight": 550,
          "cupString": "per kg",
          "available": true
        },
        {
          "supplierProductId": 2569,
          "supplierCode": "COLES",
          "supplierName": "Coles",
          "price": 9.13,
          "discount": 0,
          "percentDiscount": 0,
          "perGroupQuantity": null,
          "perGroupPrice": null,
          "weightDefinition": "g",
          "cupPrice": 16.6,
          "cupDefinition": "per kg",
          "cupWeight": 550,
          "cupString": "per kg",
          "available": true
        }
      ]
    },
    {
      "id": 2574,
      "category": "Packaged & Ready Meals",
      "category1": null,
      "category2": "Breakfast & Cereals",
      "category3": "Cereals",
      "category4": null,
      "category1Url": null,
      "category2Url": null,
      "category3Url": null,
      "category4Url": null,
      "name": "5 Wholegrain Flakes Cereal",
      "brand": "Be Natural",
      "brandAndName": "Be Natural 5 Wholegrain Flakes Cereal ",
      "volumeSize": "325g",
      "imageFileName": "30377.jpg",
      "collected": null,
      "available": null,
      "disableFromView": null,
      "preferredSupplier": null,
      "disableFromListory": null,
      "url": "be-natural-5-wholegrain-flakes-cereal-325-g",
      "supplierProducts": [
        {
          "supplierProductId": 30377,
          "supplierCode": "WOOLIES",
          "supplierName": "Woolworths",
          "price": 3.79,
          "discount": 0,
          "percentDiscount": 0,
          "perGroupQuantity": null,
          "perGroupPrice": null,
          "weightDefinition": "g",
          "cupPrice": 11.66,
          "cupDefinition": "per kg",
          "cupWeight": 325,
          "cupString": "per kg",
          "available": true
        }
      ]
    },
    {
      "id": 2581,
      "category": "Packaged & Ready Meals",
      "category1": null,
      "category2": "Breakfast & Cereals",
      "category3": "Cocoa Cereals",
      "category4": null,
      "category1Url": null,
      "category2Url": null,
      "category3Url": null,
      "category4Url": null,
      "name": "Milo Duo Cereal",
      "brand": "Nestle",
      "brandAndName": "Nestle Milo Duo Cereal ",
      "volumeSize": "660g",
      "imageFileName": "30457.jpg",
      "collected": null,
      "available": null,
      "disableFromView": null,
      "preferredSupplier": null,
      "disableFromListory": null,
      "url": "nestle-milo-duo-cereal-660-g",
      "supplierProducts": [
        {
          "supplierProductId": 2581,
          "supplierCode": "COLES",
          "supplierName": "Coles",
          "price": 7.73,
          "discount": 0,
          "percentDiscount": 0,
          "perGroupQuantity": null,
          "perGroupPrice": null,
          "weightDefinition": "g",
          "cupPrice": 11.71,
          "cupDefinition": "per kg",
          "cupWeight": 660,
          "cupString": "per kg",
          "available": true
        }
      ]
    },
    {
      "id": 2582,
      "category": "Packaged & Ready Meals",
      "category1": null,
      "category2": "Breakfast & Cereals",
      "category3": "Cocoa Cereals",
      "category4": null,
      "category1Url": null,
      "category2Url": null,
      "category3Url": null,
      "category4Url": null,
      "name": "Milo Cereal",
      "brand": "Nestle",
      "brandAndName": "Nestle Milo Cereal ",
      "volumeSize": "350g",
      "imageFileName": "30453.jpg",
      "collected": null,
      "available": null,
      "disableFromView": null,
      "preferredSupplier": null,
      "disableFromListory": null,
      "url": "nestle-milo-cereal-350-g",
      "supplierProducts": [
        {
          "supplierProductId": 30453,
          "supplierCode": "WOOLIES",
          "supplierName": "Woolworths",
          "price": 4.99,
          "discount": 0,
          "percentDiscount": 0,
          "perGroupQuantity": null,
          "perGroupPrice": null,
          "weightDefinition": "g",
          "cupPrice": 14.26,
          "cupDefinition": "per kg",
          "cupWeight": 350,
          "cupString": "per kg",
          "available": true
        }
      ]
    },
    {
      "id": 2590,
      "category": "Packaged & Ready Meals",
      "category1": null,
      "category2": "Breakfast & Cereals",
      "category3": "Granola",
      "category4": null,
      "category1Url": null,
      "category2Url": null,
      "category3Url": null,
      "category4Url": null,
      "name": "Simply Oat Granola Oats",
      "brand": "Dorset Cereals",
      "brandAndName": "Dorset Cereals Simply Oat Granola Oats ",
      "volumeSize": "550g",
      "imageFileName": "30561.jpg",
      "collected": null,
      "available": null,
      "disableFromView": null,
      "preferredSupplier": null,
      "disableFromListory": null,
      "url": "dorset-cereals-simply-oat-granola-oats-550-g",
      "supplierProducts": [
        {
          "supplierProductId": 2590,
          "supplierCode": "COLES",
          "supplierName": "Coles",
          "price": 9.13,
          "discount": 0,
          "percentDiscount": 0,
          "perGroupQuantity": null,
          "perGroupPrice": null,
          "weightDefinition": "g",
          "cupPrice": 16.6,
          "cupDefinition": "per kg",
          "cupWeight": 550,
          "cupString": "per kg",
          "available": true
        }
      ]
    },
    {
      "id": 2591,
      "category": "Packaged & Ready Meals",
      "category1": null,
      "category2": "Breakfast & Cereals",
      "category3": "Granola",
      "category4": null,
      "category1Url": null,
      "category2Url": null,
      "category3Url": null,
      "category4Url": null,
      "name": "Berry Granola",
      "brand": "Dorset Cereals",
      "brandAndName": "Dorset Cereals Berry Granola ",
      "volumeSize": "550g",
      "imageFileName": "2591.jpg",
      "collected": null,
      "available": null,
      "disableFromView": null,
      "preferredSupplier": null,
      "disableFromListory": null,
      "url": "dorset-cereals-berry-granola-550-g",
      "supplierProducts": [
        {
          "supplierProductId": 89222,
          "supplierCode": "WOOLIES",
          "supplierName": "Woolworths",
          "price": 8.3,
          "discount": 0,
          "percentDiscount": 0,
          "perGroupQuantity": null,
          "perGroupPrice": null,
          "weightDefinition": "g",
          "cupPrice": 15.09,
          "cupDefinition": "per kg",
          "cupWeight": 550,
          "cupString": "per kg",
          "available": true
        }
      ]
    },
    {
      "id": 2593,
      "category": "Packaged & Ready Meals",
      "category1": null,
      "category2": "Breakfast & Cereals",
      "category3": "Muesli",
      "category4": null,
      "category1Url": null,
      "category2Url": null,
      "category3Url": null,
      "category4Url": null,
      "name": "Guardian Cereal",
      "brand": "Kellogg's",
      "brandAndName": "Kellogg's Guardian Cereal ",
      "volumeSize": "360g",
      "imageFileName": "30423.jpg",
      "collected": null,
      "available": null,
      "disableFromView": null,
      "preferredSupplier": null,
      "disableFromListory": null,
      "url": "kelloggs-guardian-cereal-360-g",
      "supplierProducts": [
        {
          "supplierProductId": 30423,
          "supplierCode": "WOOLIES",
          "supplierName": "Woolworths",
          "price": 5.99,
          "discount": 0,
          "percentDiscount": 0,
          "perGroupQuantity": null,
          "perGroupPrice": null,
          "weightDefinition": "g",
          "cupPrice": 16.64,
          "cupDefinition": "per kg",
          "cupWeight": 360,
          "cupString": "per kg",
          "available": true
        }
      ]
    },
    {
      "id": 2597,
      "category": "Packaged & Ready Meals",
      "category1": null,
      "category2": "Breakfast & Cereals",
      "category3": "Cocoa Cereals",
      "category4": null,
      "category1Url": null,
      "category2Url": null,
      "category3Url": null,
      "category4Url": null,
      "name": "Nesquik Cereal",
      "brand": "Nestle",
      "brandAndName": "Nestle Nesquik Cereal ",
      "volumeSize": "650g",
      "imageFileName": "30458.jpg",
      "collected": null,
      "available": null,
      "disableFromView": null,
      "preferredSupplier": null,
      "disableFromListory": null,
      "url": "nestle-nesquik-cereal-650-g",
      "supplierProducts": [
        {
          "supplierProductId": 2597,
          "supplierCode": "COLES",
          "supplierName": "Coles",
          "price": 7.65,
          "discount": 0,
          "percentDiscount": 0,
          "perGroupQuantity": null,
          "perGroupPrice": null,
          "weightDefinition": "g",
          "cupPrice": 11.77,
          "cupDefinition": "per kg",
          "cupWeight": 650,
          "cupString": "per kg",
          "available": true
        }
      ]
    },
    {
      "id": 2613,
      "category": "Packaged & Ready Meals",
      "category1": null,
      "category2": "Breakfast & Cereals",
      "category3": "Cereals",
      "category4": null,
      "category1Url": null,
      "category2Url": null,
      "category3Url": null,
      "category4Url": null,
      "name": "Oat Crisp Honey & Macadamia Cereal",
      "brand": "Uncle Tobys",
      "brandAndName": "Uncle Tobys Oat Crisp Honey & Macadamia Cereal ",
      "volumeSize": "475g",
      "imageFileName": "30488.jpg",
      "collected": null,
      "available": null,
      "disableFromView": null,
      "preferredSupplier": null,
      "disableFromListory": null,
      "url": "uncle-tobys-oat-crisp-honey-and-macadamia-cereal-475-g",
      "supplierProducts": [
        {
          "supplierProductId": 30488,
          "supplierCode": "WOOLIES",
          "supplierName": "Woolworths",
          "price": 5,
          "discount": 0,
          "percentDiscount": 0,
          "perGroupQuantity": null,
          "perGroupPrice": null,
          "weightDefinition": "g",
          "cupPrice": 10.53,
          "cupDefinition": "per kg",
          "cupWeight": 475,
          "cupString": "per kg",
          "available": true
        }
      ]
    },
    {
      "id": 2627,
      "category": "Packaged & Ready Meals",
      "category1": null,
      "category2": "Breakfast & Cereals",
      "category3": "Cereals Other",
      "category4": null,
      "category1Url": null,
      "category2Url": null,
      "category3Url": null,
      "category4Url": null,
      "name": "Bush Food Cereal",
      "brand": "Dick Smith",
      "brandAndName": "Dick Smith Bush Food Cereal ",
      "volumeSize": "500g",
      "imageFileName": "30383.jpg",
      "collected": null,
      "available": null,
      "disableFromView": null,
      "preferredSupplier": null,
      "disableFromListory": null,
      "url": "dick-smith-bush-food-cereal-500-g",
      "supplierProducts": [
        {
          "supplierProductId": 30383,
          "supplierCode": "WOOLIES",
          "supplierName": "Woolworths",
          "price": 5.37,
          "discount": 0,
          "percentDiscount": 0,
          "perGroupQuantity": null,
          "perGroupPrice": null,
          "weightDefinition": "g",
          "cupPrice": 10.74,
          "cupDefinition": "per kg",
          "cupWeight": 500,
          "cupString": "per kg",
          "available": true
        },
        {
          "supplierProductId": 2627,
          "supplierCode": "COLES",
          "supplierName": "Coles",
          "price": 5.89,
          "discount": 0,
          "percentDiscount": 0,
          "perGroupQuantity": 0,
          "perGroupPrice": 0,
          "weightDefinition": "g",
          "cupPrice": 11.78,
          "cupDefinition": "per kg",
          "cupWeight": 500,
          "cupString": "per kg",
          "available": true
        }
      ]
    },
    {
      "id": 2669,
      "category": "Packaged & Ready Meals",
      "category1": null,
      "category2": "Breakfast & Cereals",
      "category3": "Cereals",
      "category4": null,
      "category1Url": null,
      "category2Url": null,
      "category3Url": null,
      "category4Url": null,
      "name": "Ancient Grains Cereal",
      "brand": "Uncle Tobys",
      "brandAndName": "Uncle Tobys Ancient Grains Cereal ",
      "volumeSize": "700g",
      "imageFileName": "30594.jpg",
      "collected": null,
      "available": null,
      "disableFromView": null,
      "preferredSupplier": null,
      "disableFromListory": null,
      "url": "uncle-tobys-ancient-grains-cereal-700-g",
      "supplierProducts": [
        {
          "supplierProductId": 2669,
          "supplierCode": "COLES",
          "supplierName": "Coles",
          "price": 6.6,
          "discount": 0,
          "percentDiscount": 0,
          "perGroupQuantity": null,
          "perGroupPrice": null,
          "weightDefinition": "g",
          "cupPrice": 9.43,
          "cupDefinition": "per kg",
          "cupWeight": 700,
          "cupString": "per kg",
          "available": true
        },
        {
          "supplierProductId": 30594,
          "supplierCode": "WOOLIES",
          "supplierName": "Woolworths",
          "price": 6,
          "discount": 0,
          "percentDiscount": 0,
          "perGroupQuantity": null,
          "perGroupPrice": null,
          "weightDefinition": "g",
          "cupPrice": 8.57,
          "cupDefinition": "per kg",
          "cupWeight": 700,
          "cupString": "per kg",
          "available": true
        }
      ]
    },
    {
      "id": 2697,
      "category": "Packaged & Ready Meals",
      "category1": null,
      "category2": "Breakfast & Cereals",
      "category3": "Muesli",
      "category4": null,
      "category1Url": null,
      "category2Url": null,
      "category3Url": null,
      "category4Url": null,
      "name": "Really Nutty Muesli",
      "brand": "Dorset Cereals",
      "brandAndName": "Dorset Cereals Really Nutty Muesli ",
      "volumeSize": "560g",
      "imageFileName": "30557.jpg",
      "collected": null,
      "available": null,
      "disableFromView": null,
      "preferredSupplier": null,
      "disableFromListory": null,
      "url": "dorset-cereals-really-nutty-muesli-560-g",
      "supplierProducts": [
        {
          "supplierProductId": 2697,
          "supplierCode": "COLES",
          "supplierName": "Coles",
          "price": 9.13,
          "discount": 0,
          "percentDiscount": 0,
          "perGroupQuantity": null,
          "perGroupPrice": null,
          "weightDefinition": "g",
          "cupPrice": 16.3,
          "cupDefinition": "per kg",
          "cupWeight": 560,
          "cupString": "per kg",
          "available": true
        },
        {
          "supplierProductId": 30557,
          "supplierCode": "WOOLIES",
          "supplierName": "Woolworths",
          "price": 8.3,
          "discount": 0,
          "percentDiscount": 0,
          "perGroupQuantity": null,
          "perGroupPrice": null,
          "weightDefinition": "g",
          "cupPrice": 14.82,
          "cupDefinition": "per kg",
          "cupWeight": 560,
          "cupString": "per kg",
          "available": true
        }
      ]
    },
    {
      "id": 2700,
      "category": "Packaged & Ready Meals",
      "category1": null,
      "category2": "Breakfast & Cereals",
      "category3": "Muesli",
      "category4": null,
      "category1Url": null,
      "category2Url": null,
      "category3Url": null,
      "category4Url": null,
      "name": "Simply Delicious Muesli",
      "brand": "Dorset Cereals",
      "brandAndName": "Dorset Cereals Simply Delicious Muesli ",
      "volumeSize": "600g",
      "imageFileName": "30558.jpg",
      "collected": null,
      "available": null,
      "disableFromView": null,
      "preferredSupplier": null,
      "disableFromListory": null,
      "url": "dorset-cereals-simply-delicious-muesli-600-g",
      "supplierProducts": [
        {
          "supplierProductId": 2700,
          "supplierCode": "COLES",
          "supplierName": "Coles",
          "price": 9.13,
          "discount": 0,
          "percentDiscount": 0,
          "perGroupQuantity": null,
          "perGroupPrice": null,
          "weightDefinition": "g",
          "cupPrice": 15.22,
          "cupDefinition": "per kg",
          "cupWeight": 600,
          "cupString": "per kg",
          "available": true
        },
        {
          "supplierProductId": 30558,
          "supplierCode": "WOOLIES",
          "supplierName": "Woolworths",
          "price": 8.3,
          "discount": 0,
          "percentDiscount": 0,
          "perGroupQuantity": null,
          "perGroupPrice": null,
          "weightDefinition": "g",
          "cupPrice": 13.83,
          "cupDefinition": "per kg",
          "cupWeight": 600,
          "cupString": "per kg",
          "available": true
        }
      ]
    },
    {
      "id": 2735,
      "category": "Packaged & Ready Meals",
      "category1": null,
      "category2": "Breakfast & Cereals",
      "category3": "Rice Cereals",
      "category4": null,
      "category1Url": null,
      "category2Url": null,
      "category3Url": null,
      "category4Url": null,
      "name": "Puffed Rice Cereal",
      "brand": "Abundant Earth",
      "brandAndName": "Abundant Earth Puffed Rice Cereal ",
      "volumeSize": "170g",
      "imageFileName": "29819.jpg",
      "collected": null,
      "available": null,
      "disableFromView": null,
      "preferredSupplier": null,
      "disableFromListory": null,
      "url": "abundant-earth-puffed-rice-cereal-170-g",
      "supplierProducts": [
        {
          "supplierProductId": 2735,
          "supplierCode": "COLES",
          "supplierName": "Coles",
          "price": 3.74,
          "discount": 0,
          "percentDiscount": 0,
          "perGroupQuantity": null,
          "perGroupPrice": null,
          "weightDefinition": "g",
          "cupPrice": 22,
          "cupDefinition": "per kg",
          "cupWeight": 170,
          "cupString": "per kg",
          "available": true
        }
      ]
    },
    {
      "id": 2740,
      "category": "Packaged & Ready Meals",
      "category1": null,
      "category2": "Breakfast & Cereals",
      "category3": "Gluten Free Cereals",
      "category4": null,
      "category1Url": null,
      "category2Url": null,
      "category3Url": null,
      "category4Url": null,
      "name": "Dairy Free Gluten Free Cereal",
      "brand": "Kez's",
      "brandAndName": "Kez's Dairy Free Gluten Free Cereal ",
      "volumeSize": "300g",
      "imageFileName": "29851.jpg",
      "collected": null,
      "available": null,
      "disableFromView": null,
      "preferredSupplier": null,
      "disableFromListory": null,
      "url": "kezs-dairy-free-gluten-free-cereal-300-g",
      "supplierProducts": [
        {
          "supplierProductId": 2740,
          "supplierCode": "COLES",
          "supplierName": "Coles",
          "price": 9.35,
          "discount": 0,
          "percentDiscount": 0,
          "perGroupQuantity": null,
          "perGroupPrice": null,
          "weightDefinition": "g",
          "cupPrice": 31.17,
          "cupDefinition": "per kg",
          "cupWeight": 300,
          "cupString": "per kg",
          "available": true
        },
        {
          "supplierProductId": 29851,
          "supplierCode": "WOOLIES",
          "supplierName": "Woolworths",
          "price": 8.99,
          "discount": 0,
          "percentDiscount": 0,
          "perGroupQuantity": null,
          "perGroupPrice": null,
          "weightDefinition": "g",
          "cupPrice": 29.97,
          "cupDefinition": "per kg",
          "cupWeight": 300,
          "cupString": "per kg",
          "available": true
        }
      ]
    },
    {
      "id": 2743,
      "category": "Packaged & Ready Meals",
      "category1": null,
      "category2": "Breakfast & Cereals",
      "category3": "Cereals Other",
      "category4": null,
      "category1Url": null,
      "category2Url": null,
      "category3Url": null,
      "category4Url": null,
      "name": "Paleo Cereal Nut Crunch",
      "brand": "Red Tractor",
      "brandAndName": "Red Tractor Paleo Cereal Nut Crunch ",
      "volumeSize": "300g",
      "imageFileName": null,
      "collected": null,
      "available": null,
      "disableFromView": null,
      "preferredSupplier": null,
      "disableFromListory": null,
      "url": "red-tractor-paleo-cereal-nut-crunch-300-g",
      "supplierProducts": [
        {
          "supplierProductId": 2743,
          "supplierCode": "COLES",
          "supplierName": "Coles",
          "price": 10.45,
          "discount": 0,
          "percentDiscount": 0,
          "perGroupQuantity": null,
          "perGroupPrice": null,
          "weightDefinition": "g",
          "cupPrice": 34.83,
          "cupDefinition": "per kg",
          "cupWeight": 300,
          "cupString": "per kg",
          "available": true
        }
      ]
    },
    {
      "id": 2744,
      "category": "Packaged & Ready Meals",
      "category1": null,
      "category2": "Breakfast & Cereals",
      "category3": "Corn Cereals",
      "category4": null,
      "category1Url": null,
      "category2Url": null,
      "category3Url": null,
      "category4Url": null,
      "name": "Puffed Corn Cereal",
      "brand": "Abundant Earth",
      "brandAndName": "Abundant Earth Puffed Corn Cereal ",
      "volumeSize": "170g",
      "imageFileName": "29818.jpg",
      "collected": null,
      "available": null,
      "disableFromView": null,
      "preferredSupplier": null,
      "disableFromListory": null,
      "url": "abundant-earth-puffed-corn-cereal-170-g",
      "supplierProducts": [
        {
          "supplierProductId": 2744,
          "supplierCode": "COLES",
          "supplierName": "Coles",
          "price": 3.74,
          "discount": 0,
          "percentDiscount": 0,
          "perGroupQuantity": null,
          "perGroupPrice": null,
          "weightDefinition": "g",
          "cupPrice": 22,
          "cupDefinition": "per kg",
          "cupWeight": 170,
          "cupString": "per kg",
          "available": true
        },
        {
          "supplierProductId": 29818,
          "supplierCode": "WOOLIES",
          "supplierName": "Woolworths",
          "price": 3.4,
          "discount": 0,
          "percentDiscount": 0,
          "perGroupQuantity": null,
          "perGroupPrice": null,
          "weightDefinition": "g",
          "cupPrice": 20,
          "cupDefinition": "per kg",
          "cupWeight": 170,
          "cupString": "per kg",
          "available": true
        }
      ]
    },
    {
      "id": 2752,
      "category": "Packaged & Ready Meals",
      "category1": null,
      "category2": "Breakfast & Cereals",
      "category3": "Cereal Clusters",
      "category4": null,
      "category1Url": null,
      "category2Url": null,
      "category3Url": null,
      "category4Url": null,
      "name": "Crunchola Berry & Vanilla Cereal",
      "brand": "Freedom Foods",
      "brandAndName": "Freedom Foods Crunchola Berry & Vanilla Cereal ",
      "volumeSize": "600g",
      "imageFileName": "29827.jpg",
      "collected": null,
      "available": null,
      "disableFromView": null,
      "preferredSupplier": null,
      "disableFromListory": null,
      "url": "freedom-foods-crunchola-berry-and-vanilla-cereal-600-g",
      "supplierProducts": [
        {
          "supplierProductId": 29827,
          "supplierCode": "WOOLIES",
          "supplierName": "Woolworths",
          "price": 6.49,
          "discount": 0,
          "percentDiscount": 0,
          "perGroupQuantity": null,
          "perGroupPrice": null,
          "weightDefinition": "g",
          "cupPrice": 10.82,
          "cupDefinition": "per kg",
          "cupWeight": 600,
          "cupString": "per kg",
          "available": true
        }
      ]
    },
    {
      "id": 3051,
      "category": "Snacks & Sweets",
      "category1": null,
      "category2": "Biscuits & Cookies",
      "category3": "Breakfast Biscuits",
      "category4": null,
      "category1Url": null,
      "category2Url": null,
      "category3Url": null,
      "category4Url": null,
      "name": "Breakfast Milk & Cereals Biscuits",
      "brand": "Belvita",
      "brandAndName": "Belvita Breakfast Milk & Cereals Biscuits ",
      "volumeSize": "6 pack",
      "imageFileName": "30636.jpg",
      "collected": null,
      "available": null,
      "disableFromView": null,
      "preferredSupplier": null,
      "disableFromListory": null,
      "url": "belvita-breakfast-milk-and-cereals-biscuits-6-pack",
      "supplierProducts": [
        {
          "supplierProductId": 3051,
          "supplierCode": "COLES",
          "supplierName": "Coles",
          "price": 4.4,
          "discount": 0,
          "percentDiscount": 0,
          "perGroupQuantity": null,
          "perGroupPrice": null,
          "weightDefinition": null,
          "cupPrice": 0.73,
          "cupDefinition": "pack",
          "cupWeight": 6,
          "cupString": "pack",
          "available": true
        }
      ]
    },
    {
      "id": 11350,
      "category": "Baby",
      "category1": null,
      "category2": "Baby Food",
      "category3": "For Babys 6+ Months",
      "category4": null,
      "category1Url": null,
      "category2Url": null,
      "category3Url": null,
      "category4Url": null,
      "name": "Porridge Baby Cereal",
      "brand": "Bellamys Organic",
      "brandAndName": "Bellamys Organic Porridge Baby Cereal ",
      "volumeSize": "125g",
      "imageFileName": "11350.jpg",
      "collected": null,
      "available": null,
      "disableFromView": null,
      "preferredSupplier": null,
      "disableFromListory": null,
      "url": "bellamys-organic-porridge-baby-cereal-1-each-125-g",
      "supplierProducts": [
        {
          "supplierProductId": 11350,
          "supplierCode": "COLES",
          "supplierName": "Coles",
          "price": 4,
          "discount": 0,
          "percentDiscount": 0,
          "perGroupQuantity": 0,
          "perGroupPrice": 0,
          "weightDefinition": "g",
          "cupPrice": 32,
          "cupDefinition": "per kg",
          "cupWeight": 125,
          "cupString": "per kg",
          "available": true
        }
      ]
    },
    {
      "id": 11382,
      "category": "Baby",
      "category1": null,
      "category2": "Baby Food",
      "category3": "For Babys 4+ Months",
      "category4": null,
      "category1Url": null,
      "category2Url": null,
      "category3Url": null,
      "category4Url": null,
      "name": "Rice Baby Cereal",
      "brand": "Bellamy's Organic",
      "brandAndName": "Bellamy's Organic Rice Baby Cereal ",
      "volumeSize": "125g",
      "imageFileName": "11382.jpg",
      "collected": null,
      "available": null,
      "disableFromView": null,
      "preferredSupplier": null,
      "disableFromListory": null,
      "url": "bellamys-organic-rice-baby-cereal-125-g",
      "supplierProducts": [
        {
          "supplierProductId": 11382,
          "supplierCode": "COLES",
          "supplierName": "Coles",
          "price": 4,
          "discount": 0,
          "percentDiscount": 0,
          "perGroupQuantity": 0,
          "perGroupPrice": 0,
          "weightDefinition": "g",
          "cupPrice": 32,
          "cupDefinition": "per kg",
          "cupWeight": 125,
          "cupString": "per kg",
          "available": true
        }
      ]
    },
    {
      "id": 12641,
      "category": "Household & Cleaning",
      "category1": null,
      "category2": "Kitchen",
      "category3": "Storage Containers",
      "category4": null,
      "category1Url": null,
      "category2Url": null,
      "category3Url": null,
      "category4Url": null,
      "name": "Klip It Cereal Container",
      "brand": "Sistema",
      "brandAndName": "Sistema Klip It Cereal Container ",
      "volumeSize": "",
      "imageFileName": "43565.jpg",
      "collected": null,
      "available": null,
      "disableFromView": null,
      "preferredSupplier": null,
      "disableFromListory": null,
      "url": "sistema-klip-it-cereal-container-each",
      "supplierProducts": [
        {
          "supplierProductId": 12641,
          "supplierCode": "COLES",
          "supplierName": "Coles",
          "price": 13,
          "discount": 0,
          "percentDiscount": 0,
          "perGroupQuantity": null,
          "perGroupPrice": null,
          "weightDefinition": null,
          "cupPrice": 13,
          "cupDefinition": "each",
          "cupWeight": null,
          "cupString": "each",
          "available": true
        },
        {
          "supplierProductId": 43565,
          "supplierCode": "WOOLIES",
          "supplierName": "Woolworths",
          "price": 12.95,
          "discount": 0,
          "percentDiscount": 0,
          "perGroupQuantity": null,
          "perGroupPrice": null,
          "weightDefinition": null,
          "cupPrice": 12.95,
          "cupDefinition": "each",
          "cupWeight": null,
          "cupString": "each",
          "available": true
        }
      ]
    },
    {
      "id": 16294,
      "category": "Baby",
      "category1": null,
      "category2": "Baby Food",
      "category3": "For Babys 6+ Months",
      "category4": null,
      "category1Url": null,
      "category2Url": null,
      "category3Url": null,
      "category4Url": null,
      "name": "Breakfast On The Go Oatmeal & Apple Baby Food Cereal",
      "brand": "Farex",
      "brandAndName": "Farex Breakfast On The Go Oatmeal & Apple Baby Food Cereal ",
      "volumeSize": "120g",
      "imageFileName": "39495.jpg",
      "collected": null,
      "available": null,
      "disableFromView": null,
      "preferredSupplier": null,
      "disableFromListory": null,
      "url": "farex-breakfast-on-the-go-oatmeal-and-apple-baby-food-cereal-120-g",
      "supplierProducts": [
        {
          "supplierProductId": 16294,
          "supplierCode": "COLES",
          "supplierName": "Coles",
          "price": 1.5,
          "discount": 0,
          "percentDiscount": 0,
          "perGroupQuantity": null,
          "perGroupPrice": null,
          "weightDefinition": "g",
          "cupPrice": 12.5,
          "cupDefinition": "per kg",
          "cupWeight": 120,
          "cupString": "per kg",
          "available": true
        },
        {
          "supplierProductId": 39495,
          "supplierCode": "WOOLIES",
          "supplierName": "Woolworths",
          "price": 1.5,
          "discount": 0,
          "percentDiscount": 0,
          "perGroupQuantity": 0,
          "perGroupPrice": 0,
          "weightDefinition": "g",
          "cupPrice": 12.5,
          "cupDefinition": "per kg",
          "cupWeight": 120,
          "cupString": "per kg",
          "available": true
        }
      ]
    },
    {
      "id": 16302,
      "category": "Baby",
      "category1": null,
      "category2": "Baby Food",
      "category3": "For Babys 6+ Months",
      "category4": null,
      "category1Url": null,
      "category2Url": null,
      "category3Url": null,
      "category4Url": null,
      "name": "Apple & Banana Cereal Glass Jar 6+ Months",
      "brand": "Heinz",
      "brandAndName": "Heinz Apple & Banana Cereal Glass Jar 6+ Months ",
      "volumeSize": "110g",
      "imageFileName": "39504.jpg",
      "collected": null,
      "available": null,
      "disableFromView": null,
      "preferredSupplier": null,
      "disableFromListory": null,
      "url": "heinz-apple-and-banana-cereal-glass-jar-6-months-110-g",
      "supplierProducts": [
        {
          "supplierProductId": 39504,
          "supplierCode": "WOOLIES",
          "supplierName": "Woolworths",
          "price": 1,
          "discount": 0,
          "percentDiscount": 0,
          "perGroupQuantity": 0,
          "perGroupPrice": 0,
          "weightDefinition": "g",
          "cupPrice": 9.09,
          "cupDefinition": "per kg",
          "cupWeight": 110,
          "cupString": "per kg",
          "available": true
        }
      ]
    },
    {
      "id": 16303,
      "category": "Baby",
      "category1": null,
      "category2": "Baby Food",
      "category3": "For Babys 4+ Months",
      "category4": null,
      "category1Url": null,
      "category2Url": null,
      "category3Url": null,
      "category4Url": null,
      "name": "Baby Rice Cereal 4+ Months",
      "brand": "Farex",
      "brandAndName": "Farex Baby Rice Cereal 4+ Months ",
      "volumeSize": "125g",
      "imageFileName": "39548.jpg",
      "collected": null,
      "available": null,
      "disableFromView": null,
      "preferredSupplier": null,
      "disableFromListory": null,
      "url": "farex-baby-rice-cereal-4-months-125-g",
      "supplierProducts": [
        {
          "supplierProductId": 39548,
          "supplierCode": "WOOLIES",
          "supplierName": "Woolworths",
          "price": 2,
          "discount": 0,
          "percentDiscount": 0,
          "perGroupQuantity": 0,
          "perGroupPrice": 0,
          "weightDefinition": "g",
          "cupPrice": 16,
          "cupDefinition": "per kg",
          "cupWeight": 125,
          "cupString": "per kg",
          "available": true
        }
      ]
    },
    {
      "id": 16304,
      "category": "Baby",
      "category1": null,
      "category2": "Baby Food",
      "category3": "For Babys 6+ Months",
      "category4": null,
      "category1Url": null,
      "category2Url": null,
      "category3Url": null,
      "category4Url": null,
      "name": "Porridge Creamy Banana Cereal 6+ Months",
      "brand": "Heinz",
      "brandAndName": "Heinz Porridge Creamy Banana Cereal 6+ Months ",
      "volumeSize": "110g",
      "imageFileName": "39507.jpg",
      "collected": null,
      "available": null,
      "disableFromView": null,
      "preferredSupplier": null,
      "disableFromListory": null,
      "url": "heinz-porridge-creamy-banana-cereal-6-months-110-g",
      "supplierProducts": [
        {
          "supplierProductId": 16304,
          "supplierCode": "COLES",
          "supplierName": "Coles",
          "price": 1,
          "discount": 0,
          "percentDiscount": 0,
          "perGroupQuantity": 0,
          "perGroupPrice": 0,
          "weightDefinition": "g",
          "cupPrice": 9.09,
          "cupDefinition": "per kg",
          "cupWeight": 110,
          "cupString": "per kg",
          "available": true
        },
        {
          "supplierProductId": 39507,
          "supplierCode": "WOOLIES",
          "supplierName": "Woolworths",
          "price": 1,
          "discount": 0,
          "percentDiscount": 0,
          "perGroupQuantity": 0,
          "perGroupPrice": 0,
          "weightDefinition": "g",
          "cupPrice": 9.09,
          "cupDefinition": "per kg",
          "cupWeight": 110,
          "cupString": "per kg",
          "available": true
        }
      ]
    },
    {
      "id": 16316,
      "category": "Baby",
      "category1": null,
      "category2": "Baby Food",
      "category3": "For Babys 6+ Months",
      "category4": null,
      "category1Url": null,
      "category2Url": null,
      "category3Url": null,
      "category4Url": null,
      "name": "Breakfast On The Go Porridge with Apple Baby Food Cereal",
      "brand": "Farex",
      "brandAndName": "Farex Breakfast On The Go Porridge with Apple Baby Food Cereal ",
      "volumeSize": "120g",
      "imageFileName": "16316.jpg",
      "collected": null,
      "available": null,
      "disableFromView": null,
      "preferredSupplier": null,
      "disableFromListory": null,
      "url": "farex-breakfast-on-the-go-porridge-with-apple-baby-food-cereal-120-g",
      "supplierProducts": [
        {
          "supplierProductId": 16316,
          "supplierCode": "COLES",
          "supplierName": "Coles",
          "price": 1.5,
          "discount": 0,
          "percentDiscount": 0,
          "perGroupQuantity": null,
          "perGroupPrice": null,
          "weightDefinition": "g",
          "cupPrice": 12.5,
          "cupDefinition": "per kg",
          "cupWeight": 120,
          "cupString": "per kg",
          "available": true
        }
      ]
    },
    {
      "id": 16340,
      "category": "Baby",
      "category1": null,
      "category2": "Baby Food",
      "category3": "For Babys 8+ Months",
      "category4": null,
      "category1Url": null,
      "category2Url": null,
      "category3Url": null,
      "category4Url": null,
      "name": "Apple Muesli Baby Cereal 9+ Months",
      "brand": "Farex",
      "brandAndName": "Farex Apple Muesli Baby Cereal 9+ Months ",
      "volumeSize": "150g",
      "imageFileName": "39462.jpg",
      "collected": null,
      "available": null,
      "disableFromView": null,
      "preferredSupplier": null,
      "disableFromListory": null,
      "url": "farex-apple-muesli-baby-cereal-9-months-150-g",
      "supplierProducts": [
        {
          "supplierProductId": 39462,
          "supplierCode": "WOOLIES",
          "supplierName": "Woolworths",
          "price": 3,
          "discount": 0,
          "percentDiscount": 0,
          "perGroupQuantity": 0,
          "perGroupPrice": 0,
          "weightDefinition": "g",
          "cupPrice": 20,
          "cupDefinition": "per kg",
          "cupWeight": 150,
          "cupString": "per kg",
          "available": true
        }
      ]
    },
    {
      "id": 16354,
      "category": "Baby",
      "category1": null,
      "category2": "Baby Food",
      "category3": "For Babys 8+ Months",
      "category4": null,
      "category1Url": null,
      "category2Url": null,
      "category3Url": null,
      "category4Url": null,
      "name": "Cerelac Multigrain with Pear Baby Cereal From 8 Months",
      "brand": "Nestle",
      "brandAndName": "Nestle Cerelac Multigrain with Pear Baby Cereal From 8 Months ",
      "volumeSize": "200g",
      "imageFileName": "16354.jpg",
      "collected": null,
      "available": null,
      "disableFromView": null,
      "preferredSupplier": null,
      "disableFromListory": null,
      "url": "nestle-cerelac-multigrain-with-pear-baby-cereal-from-8-months-200-g",
      "supplierProducts": [
        {
          "supplierProductId": 16354,
          "supplierCode": "COLES",
          "supplierName": "Coles",
          "price": 4.58,
          "discount": 0,
          "percentDiscount": 0,
          "perGroupQuantity": null,
          "perGroupPrice": null,
          "weightDefinition": "g",
          "cupPrice": 22.9,
          "cupDefinition": "per kg",
          "cupWeight": 200,
          "cupString": "per kg",
          "available": true
        }
      ]
    },
    {
      "id": 16355,
      "category": "Baby",
      "category1": null,
      "category2": "Baby Food",
      "category3": "For Babys 4+ Months",
      "category4": null,
      "category1Url": null,
      "category2Url": null,
      "category3Url": null,
      "category4Url": null,
      "name": "Cerelac Rice Baby Cereal From 4 Months",
      "brand": "Nestle",
      "brandAndName": "Nestle Cerelac Rice Baby Cereal From 4 Months ",
      "volumeSize": "200g",
      "imageFileName": "39569.jpg",
      "collected": null,
      "available": null,
      "disableFromView": null,
      "preferredSupplier": null,
      "disableFromListory": null,
      "url": "nestle-cerelac-rice-baby-cereal-from-4-months-200-g",
      "supplierProducts": [
        {
          "supplierProductId": 16355,
          "supplierCode": "COLES",
          "supplierName": "Coles",
          "price": 4.6,
          "discount": 0,
          "percentDiscount": 0,
          "perGroupQuantity": null,
          "perGroupPrice": null,
          "weightDefinition": "g",
          "cupPrice": 23,
          "cupDefinition": "per kg",
          "cupWeight": 200,
          "cupString": "per kg",
          "available": true
        }
      ]
    },
    {
      "id": 16356,
      "category": "Baby",
      "category1": null,
      "category2": "Baby Food",
      "category3": "For Babys 6+ Months",
      "category4": null,
      "category1Url": null,
      "category2Url": null,
      "category3Url": null,
      "category4Url": null,
      "name": "Cerelac Wheat Baby Cereal From 6 Months",
      "brand": "Nestle",
      "brandAndName": "Nestle Cerelac Wheat Baby Cereal From 6 Months ",
      "volumeSize": "200g",
      "imageFileName": "16356.jpg",
      "collected": null,
      "available": null,
      "disableFromView": null,
      "preferredSupplier": null,
      "disableFromListory": null,
      "url": "nestle-cerelac-wheat-baby-cereal-from-6-months-200-g",
      "supplierProducts": [
        {
          "supplierProductId": 16356,
          "supplierCode": "COLES",
          "supplierName": "Coles",
          "price": 4.6,
          "discount": 0,
          "percentDiscount": 0,
          "perGroupQuantity": null,
          "perGroupPrice": null,
          "weightDefinition": "g",
          "cupPrice": 23,
          "cupDefinition": "per kg",
          "cupWeight": 200,
          "cupString": "per kg",
          "available": true
        }
      ]
    },
    {
      "id": 16369,
      "category": "Baby",
      "category1": null,
      "category2": "Baby Food",
      "category3": "For Babys 6+ Months",
      "category4": null,
      "category1Url": null,
      "category2Url": null,
      "category3Url": null,
      "category4Url": null,
      "name": "Cerelac Oats with Prune Baby Cereal From 6 Months",
      "brand": "Nestle",
      "brandAndName": "Nestle Cerelac Oats with Prune Baby Cereal From 6 Months ",
      "volumeSize": "200g",
      "imageFileName": "39493.jpg",
      "collected": null,
      "available": null,
      "disableFromView": null,
      "preferredSupplier": null,
      "disableFromListory": null,
      "url": "nestle-cerelac-oats-with-prune-baby-cereal-from-6-months-200-g",
      "supplierProducts": [
        {
          "supplierProductId": 16369,
          "supplierCode": "COLES",
          "supplierName": "Coles",
          "price": 4.45,
          "discount": 0,
          "percentDiscount": 0,
          "perGroupQuantity": null,
          "perGroupPrice": null,
          "weightDefinition": "g",
          "cupPrice": 22.25,
          "cupDefinition": "per kg",
          "cupWeight": 200,
          "cupString": "per kg",
          "available": true
        }
      ]
    },
    {
      "id": 16381,
      "category": "Baby",
      "category1": null,
      "category2": "Baby Food",
      "category3": "For Babys 12+ Months",
      "category4": null,
      "category1Url": null,
      "category2Url": null,
      "category3Url": null,
      "category4Url": null,
      "name": "Little Kids Apple Blueberry Cereal Bar Toddler Snacks 1-3 Years",
      "brand": "Heinz",
      "brandAndName": "Heinz Little Kids Apple Blueberry Cereal Bar Toddler Snacks 1-3 Years ",
      "volumeSize": "15g x 6 pack",
      "imageFileName": "39441.jpg",
      "collected": null,
      "available": null,
      "disableFromView": null,
      "preferredSupplier": null,
      "disableFromListory": null,
      "url": "heinz-little-kids-apple-blueberry-cereal-bar-toddler-snacks-1-3-years-6-pack-15-g",
      "supplierProducts": [
        {
          "supplierProductId": 16381,
          "supplierCode": "COLES",
          "supplierName": "Coles",
          "price": 4,
          "discount": 0,
          "percentDiscount": 0,
          "perGroupQuantity": null,
          "perGroupPrice": null,
          "weightDefinition": "g",
          "cupPrice": 44.44,
          "cupDefinition": "per kg",
          "cupWeight": 15,
          "cupString": "per kg",
          "available": true
        },
        {
          "supplierProductId": 39441,
          "supplierCode": "WOOLIES",
          "supplierName": "Woolworths",
          "price": 4,
          "discount": 0,
          "percentDiscount": 0,
          "perGroupQuantity": null,
          "perGroupPrice": null,
          "weightDefinition": "g",
          "cupPrice": 44.44,
          "cupDefinition": "per kg",
          "cupWeight": 15,
          "cupString": "per kg",
          "available": true
        }
      ]
    },
    {
      "id": 16383,
      "category": "Baby",
      "category1": null,
      "category2": "Baby Food",
      "category3": "For Babys 12+ Months",
      "category4": null,
      "category1Url": null,
      "category2Url": null,
      "category3Url": null,
      "category4Url": null,
      "name": "Little Kids Wholegrain Cereal Bars Toddler Snacks 1-3 Years Months",
      "brand": "Heinz",
      "brandAndName": "Heinz Little Kids Wholegrain Cereal Bars Toddler Snacks 1-3 Years Months ",
      "volumeSize": "90g",
      "imageFileName": "16383.jpg",
      "collected": null,
      "available": null,
      "disableFromView": null,
      "preferredSupplier": null,
      "disableFromListory": null,
      "url": "heinz-little-kids-wholegrain-cereal-bars-toddler-snacks-1-3-years-months-1-each-90-g",
      "supplierProducts": [
        {
          "supplierProductId": 16383,
          "supplierCode": "COLES",
          "supplierName": "Coles",
          "price": 4,
          "discount": 0,
          "percentDiscount": 0,
          "perGroupQuantity": null,
          "perGroupPrice": null,
          "weightDefinition": "g",
          "cupPrice": 44.44,
          "cupDefinition": "per kg",
          "cupWeight": 90,
          "cupString": "per kg",
          "available": true
        }
      ]
    },
    {
      "id": 20505,
      "category": "Packaged & Ready Meals",
      "category1": null,
      "category2": "Breakfast & Cereals",
      "category3": "Cereals",
      "category4": null,
      "category1Url": null,
      "category2Url": null,
      "category3Url": null,
      "category4Url": null,
      "name": "Honey Puffed Wheat Cereal",
      "brand": "Coles",
      "brandAndName": "Coles Honey Puffed Wheat Cereal ",
      "volumeSize": "325g",
      "imageFileName": null,
      "collected": null,
      "available": null,
      "disableFromView": null,
      "preferredSupplier": null,
      "disableFromListory": null,
      "url": "coles-honey-puffed-wheat-cereal-325-g",
      "supplierProducts": [
        {
          "supplierProductId": 20505,
          "supplierCode": "COLES",
          "supplierName": "Coles",
          "price": 2.4,
          "discount": 0,
          "percentDiscount": 0,
          "perGroupQuantity": null,
          "perGroupPrice": null,
          "weightDefinition": "g",
          "cupPrice": 7.38,
          "cupDefinition": "per kg",
          "cupWeight": 325,
          "cupString": "per kg",
          "available": true
        }
      ]
    },
    {
      "id": 20519,
      "category": "Packaged & Ready Meals",
      "category1": null,
      "category2": "Breakfast & Cereals",
      "category3": "Muesli",
      "category4": null,
      "category1Url": null,
      "category2Url": null,
      "category3Url": null,
      "category4Url": null,
      "name": "Fabulous High Fibre Muesli",
      "brand": "Dorset Cereals",
      "brandAndName": "Dorset Cereals Fabulous High Fibre Muesli ",
      "volumeSize": "540g",
      "imageFileName": "30556.jpg",
      "collected": null,
      "available": null,
      "disableFromView": null,
      "preferredSupplier": null,
      "disableFromListory": null,
      "url": "dorset-cereals-fabulous-high-fibre-muesli-540-g",
      "supplierProducts": [
        {
          "supplierProductId": 30556,
          "supplierCode": "WOOLIES",
          "supplierName": "Woolworths",
          "price": 8.3,
          "discount": 0,
          "percentDiscount": 0,
          "perGroupQuantity": null,
          "perGroupPrice": null,
          "weightDefinition": "g",
          "cupPrice": 15.37,
          "cupDefinition": "per kg",
          "cupWeight": 540,
          "cupString": "per kg",
          "available": true
        }
      ]
    },
    {
      "id": 20531,
      "category": "Packaged & Ready Meals",
      "category1": null,
      "category2": "Breakfast & Cereals",
      "category3": "Rice Cereals",
      "category4": null,
      "category1Url": null,
      "category2Url": null,
      "category3Url": null,
      "category4Url": null,
      "name": "Cereal Rice Puffs",
      "brand": "Freedom Foods",
      "brandAndName": "Freedom Foods Cereal Rice Puffs ",
      "volumeSize": "250g",
      "imageFileName": "29841.jpg",
      "collected": null,
      "available": null,
      "disableFromView": null,
      "preferredSupplier": null,
      "disableFromListory": null,
      "url": "freedom-foods-cereal-rice-puffs-250-g",
      "supplierProducts": [
        {
          "supplierProductId": 29841,
          "supplierCode": "WOOLIES",
          "supplierName": "Woolworths",
          "price": 3.99,
          "discount": 0,
          "percentDiscount": 0,
          "perGroupQuantity": null,
          "perGroupPrice": null,
          "weightDefinition": "g",
          "cupPrice": 15.96,
          "cupDefinition": "per kg",
          "cupWeight": 250,
          "cupString": "per kg",
          "available": true
        }
      ]
    }
  ],
  "isLastPage": false,
  "ageRestriction": null,
  "postcode": 411,
  "hasDOB": false,
  "underAge": false,
  "filters": [
    {
      "code": "BRAND",
      "metaDatas": [
        {
          "name": "Abundant Earth",
          "url": null,
          "count": 2,
          "id": null,
          "parentId": null,
          "level": null
        },
        {
          "name": "Be Natural",
          "url": null,
          "count": 1,
          "id": null,
          "parentId": null,
          "level": null
        },
        {
          "name": "Bellamys Organic",
          "url": null,
          "count": 1,
          "id": null,
          "parentId": null,
          "level": null
        },
        {
          "name": "Bellamy's Organic",
          "url": null,
          "count": 1,
          "id": null,
          "parentId": null,
          "level": null
        },
        {
          "name": "Belvita",
          "url": null,
          "count": 1,
          "id": null,
          "parentId": null,
          "level": null
        },
        {
          "name": "Coles",
          "url": null,
          "count": 4,
          "id": null,
          "parentId": null,
          "level": null
        },
        {
          "name": "Dcor",
          "url": null,
          "count": 1,
          "id": null,
          "parentId": null,
          "level": null
        },
        {
          "name": "Dick Smith",
          "url": null,
          "count": 1,
          "id": null,
          "parentId": null,
          "level": null
        },
        {
          "name": "Dorset Cereals",
          "url": null,
          "count": 7,
          "id": null,
          "parentId": null,
          "level": null
        },
        {
          "name": "Farex",
          "url": null,
          "count": 4,
          "id": null,
          "parentId": null,
          "level": null
        },
        {
          "name": "Freedom Foods",
          "url": null,
          "count": 6,
          "id": null,
          "parentId": null,
          "level": null
        },
        {
          "name": "Goodness Superfoods",
          "url": null,
          "count": 2,
          "id": null,
          "parentId": null,
          "level": null
        },
        {
          "name": "Heinz",
          "url": null,
          "count": 4,
          "id": null,
          "parentId": null,
          "level": null
        },
        {
          "name": "Kellogg's",
          "url": null,
          "count": 1,
          "id": null,
          "parentId": null,
          "level": null
        },
        {
          "name": "Kez's",
          "url": null,
          "count": 2,
          "id": null,
          "parentId": null,
          "level": null
        },
        {
          "name": "Macro",
          "url": null,
          "count": 4,
          "id": null,
          "parentId": null,
          "level": null
        },
        {
          "name": "Melrose",
          "url": null,
          "count": 1,
          "id": null,
          "parentId": null,
          "level": null
        },
        {
          "name": "Nestle",
          "url": null,
          "count": 8,
          "id": null,
          "parentId": null,
          "level": null
        },
        {
          "name": "Red Tractor",
          "url": null,
          "count": 1,
          "id": null,
          "parentId": null,
          "level": null
        },
        {
          "name": "Sistema",
          "url": null,
          "count": 1,
          "id": null,
          "parentId": null,
          "level": null
        },
        {
          "name": "Uncle Tobys",
          "url": null,
          "count": 3,
          "id": null,
          "parentId": null,
          "level": null
        },
        {
          "name": "Well Naturally",
          "url": null,
          "count": 2,
          "id": null,
          "parentId": null,
          "level": null
        },
        {
          "name": "Woolworths",
          "url": null,
          "count": 3,
          "id": null,
          "parentId": null,
          "level": null
        },
        {
          "name": "Woolworths Select",
          "url": null,
          "count": 1,
          "id": null,
          "parentId": null,
          "level": null
        }
      ]
    },
    {
      "code": "CATEGORY1",
      "metaDatas": [
        {
          "name": "Baby",
          "url": "baby",
          "count": 14,
          "id": 41430,
          "parentId": null,
          "level": 1
        },
        {
          "name": "Baking",
          "url": "baking",
          "count": 1,
          "id": 40024,
          "parentId": null,
          "level": 1
        },
        {
          "name": "Dietary, Health & Lifestyle",
          "url": "dietary-health-lifestyle",
          "count": 3,
          "id": 41475,
          "parentId": null,
          "level": 1
        },
        {
          "name": "Household & Cleaning",
          "url": "household-cleaning",
          "count": 2,
          "id": 40547,
          "parentId": null,
          "level": 1
        },
        {
          "name": "Packaged & Ready Meals",
          "url": "packaged-ready-meals",
          "count": 41,
          "id": 40412,
          "parentId": null,
          "level": 1
        },
        {
          "name": "Snacks & Sweets",
          "url": "snacks-sweets",
          "count": 1,
          "id": 40156,
          "parentId": null,
          "level": 1
        }
      ]
    },
    {
      "code": "CATEGORY2",
      "metaDatas": [
        {
          "name": "Baby Food",
          "url": "baby-food",
          "count": 14,
          "id": 41445,
          "parentId": 41430,
          "level": 2
        },
        {
          "name": "Bars & Snacks",
          "url": "bars-snacks",
          "count": 2,
          "id": 41481,
          "parentId": 41475,
          "level": 2
        },
        {
          "name": "Biscuits & Cookies",
          "url": "biscuits-cookies",
          "count": 1,
          "id": 40157,
          "parentId": 40156,
          "level": 2
        },
        {
          "name": "Breakfast & Cereals",
          "url": "breakfast-cereals",
          "count": 41,
          "id": 40715,
          "parentId": 40412,
          "level": 2
        },
        {
          "name": "Flour",
          "url": "flour",
          "count": 1,
          "id": 40060,
          "parentId": 40024,
          "level": 2
        },
        {
          "name": "Kitchen",
          "url": "kitchen",
          "count": 2,
          "id": 41817,
          "parentId": 40547,
          "level": 2
        },
        {
          "name": "Supplements",
          "url": "supplements",
          "count": 1,
          "id": 41486,
          "parentId": 41475,
          "level": 2
        }
      ]
    },
    {
      "code": "CATEGORY3",
      "metaDatas": [
        {
          "name": "Apple Raisin Cereals",
          "url": "apple-raisin-cereals",
          "count": 1,
          "id": 40716,
          "parentId": 40715,
          "level": 2
        },
        {
          "name": "Breakfast Biscuits",
          "url": "breakfast-biscuits",
          "count": 1,
          "id": 41378,
          "parentId": 40157,
          "level": 2
        },
        {
          "name": "Cereal Clusters",
          "url": "cereal-clusters",
          "count": 3,
          "id": 41362,
          "parentId": 40715,
          "level": 2
        },
        {
          "name": "Cereals",
          "url": "cereals",
          "count": 8,
          "id": 41364,
          "parentId": 40715,
          "level": 2
        },
        {
          "name": "Cereals Other",
          "url": "cereals-other",
          "count": 5,
          "id": 40720,
          "parentId": 40715,
          "level": 2
        },
        {
          "name": "Cereals with Fruit",
          "url": "cereals-with-fruit",
          "count": 2,
          "id": 41365,
          "parentId": 40715,
          "level": 2
        },
        {
          "name": "Cocoa Cereals",
          "url": "cocoa-cereals",
          "count": 5,
          "id": 40721,
          "parentId": 40715,
          "level": 2
        },
        {
          "name": "Corn Cereals",
          "url": "corn-cereals",
          "count": 1,
          "id": 40722,
          "parentId": 40715,
          "level": 2
        },
        {
          "name": "For Babys 12+ Months",
          "url": "for-babys-12-months",
          "count": 2,
          "id": 41446,
          "parentId": 41445,
          "level": 2
        },
        {
          "name": "For Babys 4+ Months",
          "url": "for-babys-4-months",
          "count": 3,
          "id": 41447,
          "parentId": 41445,
          "level": 2
        },
        {
          "name": "For Babys 6+ Months",
          "url": "for-babys-6-months",
          "count": 7,
          "id": 41448,
          "parentId": 41445,
          "level": 2
        },
        {
          "name": "For Babys 8+ Months",
          "url": "for-babys-8-months",
          "count": 2,
          "id": 41449,
          "parentId": 41445,
          "level": 2
        },
        {
          "name": "Gluten Free Cereals",
          "url": "gluten-free-cereals",
          "count": 4,
          "id": 40723,
          "parentId": 40715,
          "level": 2
        },
        {
          "name": "Granola",
          "url": "granola",
          "count": 3,
          "id": 41363,
          "parentId": 40715,
          "level": 2
        },
        {
          "name": "Health Bars",
          "url": "health-bars",
          "count": 2,
          "id": 41482,
          "parentId": 41481,
          "level": 2
        },
        {
          "name": "Muesli",
          "url": "muesli",
          "count": 7,
          "id": 40717,
          "parentId": 40715,
          "level": 2
        },
        {
          "name": "Polenta",
          "url": "polenta",
          "count": 1,
          "id": 40064,
          "parentId": 40060,
          "level": 2
        },
        {
          "name": "Rice Cereals",
          "url": "rice-cereals",
          "count": 2,
          "id": 40730,
          "parentId": 40715,
          "level": 2
        },
        {
          "name": "Storage Containers",
          "url": "storage-containers",
          "count": 2,
          "id": 41827,
          "parentId": 41817,
          "level": 2
        },
        {
          "name": "Superfoods",
          "url": "superfoods",
          "count": 1,
          "id": 41512,
          "parentId": 41486,
          "level": 2
        }
      ]
    },
    {
      "code": "VOLUMESIZE",
      "metaDatas": [
        {
          "name": "110g ",
          "url": null,
          "count": 2,
          "id": null,
          "parentId": null,
          "level": 0
        },
        {
          "name": "120g ",
          "url": null,
          "count": 2,
          "id": null,
          "parentId": null,
          "level": 0
        },
        {
          "name": "125g ",
          "url": null,
          "count": 2,
          "id": null,
          "parentId": null,
          "level": 0
        },
        {
          "name": "125g 1 each",
          "url": null,
          "count": 1,
          "id": null,
          "parentId": null,
          "level": 0
        },
        {
          "name": "150g ",
          "url": null,
          "count": 1,
          "id": null,
          "parentId": null,
          "level": 0
        },
        {
          "name": "15g 6 pack",
          "url": null,
          "count": 1,
          "id": null,
          "parentId": null,
          "level": 0
        },
        {
          "name": "170g ",
          "url": null,
          "count": 2,
          "id": null,
          "parentId": null,
          "level": 0
        },
        {
          "name": "200g ",
          "url": null,
          "count": 4,
          "id": null,
          "parentId": null,
          "level": 0
        },
        {
          "name": "250g ",
          "url": null,
          "count": 3,
          "id": null,
          "parentId": null,
          "level": 0
        },
        {
          "name": "300g ",
          "url": null,
          "count": 5,
          "id": null,
          "parentId": null,
          "level": 0
        },
        {
          "name": "325g ",
          "url": null,
          "count": 2,
          "id": null,
          "parentId": null,
          "level": 0
        },
        {
          "name": "350g ",
          "url": null,
          "count": 4,
          "id": null,
          "parentId": null,
          "level": 0
        },
        {
          "name": "35g ",
          "url": null,
          "count": 2,
          "id": null,
          "parentId": null,
          "level": 0
        },
        {
          "name": "360g ",
          "url": null,
          "count": 1,
          "id": null,
          "parentId": null,
          "level": 0
        },
        {
          "name": "375g ",
          "url": null,
          "count": 1,
          "id": null,
          "parentId": null,
          "level": 0
        },
        {
          "name": "400g ",
          "url": null,
          "count": 3,
          "id": null,
          "parentId": null,
          "level": 0
        },
        {
          "name": "410g ",
          "url": null,
          "count": 1,
          "id": null,
          "parentId": null,
          "level": 0
        },
        {
          "name": "450g ",
          "url": null,
          "count": 1,
          "id": null,
          "parentId": null,
          "level": 0
        },
        {
          "name": "475g ",
          "url": null,
          "count": 1,
          "id": null,
          "parentId": null,
          "level": 0
        },
        {
          "name": "500g ",
          "url": null,
          "count": 5,
          "id": null,
          "parentId": null,
          "level": 0
        },
        {
          "name": "540g ",
          "url": null,
          "count": 2,
          "id": null,
          "parentId": null,
          "level": 0
        },
        {
          "name": "550g ",
          "url": null,
          "count": 3,
          "id": null,
          "parentId": null,
          "level": 0
        },
        {
          "name": "560g ",
          "url": null,
          "count": 2,
          "id": null,
          "parentId": null,
          "level": 0
        },
        {
          "name": "6 pack",
          "url": null,
          "count": 1,
          "id": null,
          "parentId": null,
          "level": 0
        },
        {
          "name": "600g ",
          "url": null,
          "count": 3,
          "id": null,
          "parentId": null,
          "level": 0
        },
        {
          "name": "650g ",
          "url": null,
          "count": 1,
          "id": null,
          "parentId": null,
          "level": 0
        },
        {
          "name": "660g ",
          "url": null,
          "count": 1,
          "id": null,
          "parentId": null,
          "level": 0
        },
        {
          "name": "700g ",
          "url": null,
          "count": 2,
          "id": null,
          "parentId": null,
          "level": 0
        },
        {
          "name": "90g 1 each",
          "url": null,
          "count": 1,
          "id": null,
          "parentId": null,
          "level": 0
        },
        {
          "name": "each",
          "url": null,
          "count": 2,
          "id": null,
          "parentId": null,
          "level": 0
        }
      ]
    }
  ]
}
