{
  "hits": 29,
  "items": [
    {
      "id": 7195,
      "category": "Pantry",
      "category1": null,
      "category2": "Canned & Jarred Seafood",
      "category3": "Canned Sardines",
      "category4": null,
      "category1Url": null,
      "category2Url": null,
      "category3Url": null,
      "category4Url": null,
      "name": "Sardines In Vegetable Oil",
      "brand": "Seacrown",
      "brandAndName": "Seacrown Sardines In Vegetable Oil ",
      "volumeSize": "125g",
      "imageFileName": "7195.jpg",
      "collected": null,
      "available": null,
      "disableFromView": null,
      "preferredSupplier": null,
      "disableFromListory": null,
      "url": "seacrown-sardines-in-vegetable-oil-125-g",
      "supplierProducts": [
        {
          "supplierProductId": 7195,
          "supplierCode": "COLES",
          "supplierName": "Coles",
          "price": 0.72,
          "discount": 0,
          "percentDiscount": 0,
          "perGroupQuantity": null,
          "perGroupPrice": null,
          "weightDefinition": "g",
          "cupPrice": 5.76,
          "cupDefinition": "per kg",
          "cupWeight": 125,
          "cupString": "per kg",
          "available": true
        }
      ]
    },
    {
      "id": 7254,
      "category": "Pantry",
      "category1": null,
      "category2": "Canned & Jarred Seafood",
      "category3": "Canned Sardines",
      "category4": null,
      "category1Url": null,
      "category2Url": null,
      "category3Url": null,
      "category4Url": null,
      "name": "Scottish Sardines in Springwater",
      "brand": "John West",
      "brandAndName": "John West Scottish Sardines in Springwater ",
      "volumeSize": "110g",
      "imageFileName": "28000.jpg",
      "collected": null,
      "available": null,
      "disableFromView": null,
      "preferredSupplier": null,
      "disableFromListory": null,
      "url": "john-west-scottish-sardines-in-springwater-110-g",
      "supplierProducts": [
        {
          "supplierProductId": 7254,
          "supplierCode": "COLES",
          "supplierName": "Coles",
          "price": 2.85,
          "discount": 0,
          "percentDiscount": 0,
          "perGroupQuantity": null,
          "perGroupPrice": null,
          "weightDefinition": "g",
          "cupPrice": 25.91,
          "cupDefinition": "per kg",
          "cupWeight": 110,
          "cupString": "per kg",
          "available": true
        },
        {
          "supplierProductId": 28000,
          "supplierCode": "WOOLIES",
          "supplierName": "Woolworths",
          "price": 2.67,
          "discount": 0,
          "percentDiscount": 0,
          "perGroupQuantity": null,
          "perGroupPrice": null,
          "weightDefinition": "g",
          "cupPrice": 24.27,
          "cupDefinition": "per kg",
          "cupWeight": 110,
          "cupString": "per kg",
          "available": true
        }
      ]
    },
    {
      "id": 7255,
      "category": "Pantry",
      "category1": null,
      "category2": "Canned & Jarred Seafood",
      "category3": "Canned Sardines",
      "category4": null,
      "category1Url": null,
      "category2Url": null,
      "category3Url": null,
      "category4Url": null,
      "name": "Scottish Sardines in Tomato Sauce",
      "brand": "John West",
      "brandAndName": "John West Scottish Sardines in Tomato Sauce ",
      "volumeSize": "110g",
      "imageFileName": "28001.jpg",
      "collected": null,
      "available": null,
      "disableFromView": null,
      "preferredSupplier": null,
      "disableFromListory": null,
      "url": "john-west-scottish-sardines-in-tomato-sauce-110-g",
      "supplierProducts": [
        {
          "supplierProductId": 28001,
          "supplierCode": "WOOLIES",
          "supplierName": "Woolworths",
          "price": 2.67,
          "discount": 0,
          "percentDiscount": 0,
          "perGroupQuantity": null,
          "perGroupPrice": null,
          "weightDefinition": "g",
          "cupPrice": 24.27,
          "cupDefinition": "per kg",
          "cupWeight": 110,
          "cupString": "per kg",
          "available": true
        },
        {
          "supplierProductId": 7255,
          "supplierCode": "COLES",
          "supplierName": "Coles",
          "price": 2.85,
          "discount": 0,
          "percentDiscount": 0,
          "perGroupQuantity": null,
          "perGroupPrice": null,
          "weightDefinition": "g",
          "cupPrice": 25.91,
          "cupDefinition": "per kg",
          "cupWeight": 110,
          "cupString": "per kg",
          "available": true
        }
      ]
    },
    {
      "id": 7258,
      "category": "Pantry",
      "category1": null,
      "category2": "Canned & Jarred Seafood",
      "category3": "Canned Sardines",
      "category4": null,
      "category1Url": null,
      "category2Url": null,
      "category3Url": null,
      "category4Url": null,
      "name": "Sardines In Tomato Sauce",
      "brand": "Seacrown",
      "brandAndName": "Seacrown Sardines In Tomato Sauce ",
      "volumeSize": "125g",
      "imageFileName": "7258.jpg",
      "collected": null,
      "available": null,
      "disableFromView": null,
      "preferredSupplier": null,
      "disableFromListory": null,
      "url": "seacrown-sardines-in-tomato-sauce-125-g",
      "supplierProducts": [
        {
          "supplierProductId": 7258,
          "supplierCode": "COLES",
          "supplierName": "Coles",
          "price": 0.72,
          "discount": 0,
          "percentDiscount": 0,
          "perGroupQuantity": null,
          "perGroupPrice": null,
          "weightDefinition": "g",
          "cupPrice": 5.76,
          "cupDefinition": "per kg",
          "cupWeight": 125,
          "cupString": "per kg",
          "available": true
        }
      ]
    },
    {
      "id": 7267,
      "category": "Pantry",
      "category1": null,
      "category2": "Canned & Jarred Seafood",
      "category3": "Canned Sardines",
      "category4": null,
      "category1Url": null,
      "category2Url": null,
      "category3Url": null,
      "category4Url": null,
      "name": "Sardines in Olive Oil",
      "brand": "Brunswick",
      "brandAndName": "Brunswick Sardines in Olive Oil ",
      "volumeSize": "106g",
      "imageFileName": "27980.jpg",
      "collected": null,
      "available": null,
      "disableFromView": null,
      "preferredSupplier": null,
      "disableFromListory": null,
      "url": "brunswick-sardines-in-olive-oil-106-g",
      "supplierProducts": [
        {
          "supplierProductId": 27980,
          "supplierCode": "WOOLIES",
          "supplierName": "Woolworths",
          "price": 1.68,
          "discount": 0,
          "percentDiscount": 0,
          "perGroupQuantity": null,
          "perGroupPrice": null,
          "weightDefinition": "g",
          "cupPrice": 15.85,
          "cupDefinition": "per kg",
          "cupWeight": 106,
          "cupString": "per kg",
          "available": true
        }
      ]
    },
    {
      "id": 7268,
      "category": "Pantry",
      "category1": null,
      "category2": "Canned & Jarred Seafood",
      "category3": "Canned Sardines",
      "category4": null,
      "category1Url": null,
      "category2Url": null,
      "category3Url": null,
      "category4Url": null,
      "name": "Sardines in Tomato Sauce",
      "brand": "Brunswick",
      "brandAndName": "Brunswick Sardines in Tomato Sauce ",
      "volumeSize": "106g",
      "imageFileName": "45301.jpg",
      "collected": null,
      "available": null,
      "disableFromView": null,
      "preferredSupplier": null,
      "disableFromListory": null,
      "url": "brunswick-sardines-in-tomato-sauce-106-g",
      "supplierProducts": [
        {
          "supplierProductId": 45301,
          "supplierCode": "WOOLIES",
          "supplierName": "Woolworths",
          "price": 1.68,
          "discount": 0,
          "percentDiscount": 0,
          "perGroupQuantity": null,
          "perGroupPrice": null,
          "weightDefinition": "g",
          "cupPrice": 15.85,
          "cupDefinition": "per kg",
          "cupWeight": 106,
          "cupString": "per kg",
          "available": true
        }
      ]
    },
    {
      "id": 7289,
      "category": "Pantry",
      "category1": null,
      "category2": "Canned & Jarred Seafood",
      "category3": "Canned Sardines",
      "category4": null,
      "category1Url": null,
      "category2Url": null,
      "category3Url": null,
      "category4Url": null,
      "name": "Sardines in Oil",
      "brand": "John West",
      "brandAndName": "John West Sardines in Oil ",
      "volumeSize": "110g",
      "imageFileName": "27999.jpg",
      "collected": null,
      "available": null,
      "disableFromView": null,
      "preferredSupplier": null,
      "disableFromListory": null,
      "url": "john-west-sardines-in-oil-110-g",
      "supplierProducts": [
        {
          "supplierProductId": 27999,
          "supplierCode": "WOOLIES",
          "supplierName": "Woolworths",
          "price": 2.67,
          "discount": 0,
          "percentDiscount": 0,
          "perGroupQuantity": null,
          "perGroupPrice": null,
          "weightDefinition": "g",
          "cupPrice": 24.27,
          "cupDefinition": "per kg",
          "cupWeight": 110,
          "cupString": "per kg",
          "available": true
        },
        {
          "supplierProductId": 7289,
          "supplierCode": "COLES",
          "supplierName": "Coles",
          "price": 2.85,
          "discount": 0,
          "percentDiscount": 0,
          "perGroupQuantity": null,
          "perGroupPrice": null,
          "weightDefinition": "g",
          "cupPrice": 25.91,
          "cupDefinition": "per kg",
          "cupWeight": 110,
          "cupString": "per kg",
          "available": true
        }
      ]
    },
    {
      "id": 7298,
      "category": "Pantry",
      "category1": null,
      "category2": "Canned & Jarred Seafood",
      "category3": "Canned Sardines",
      "category4": null,
      "category1Url": null,
      "category2Url": null,
      "category3Url": null,
      "category4Url": null,
      "name": "Brisling Sardines In Oil",
      "brand": "Safcol",
      "brandAndName": "Safcol Brisling Sardines In Oil ",
      "volumeSize": "110g",
      "imageFileName": "7298.jpg",
      "collected": null,
      "available": null,
      "disableFromView": null,
      "preferredSupplier": null,
      "disableFromListory": null,
      "url": "safcol-brisling-sardines-in-oil-110-g",
      "supplierProducts": [
        {
          "supplierProductId": 7298,
          "supplierCode": "COLES",
          "supplierName": "Coles",
          "price": 1.5,
          "discount": 0,
          "percentDiscount": 0,
          "perGroupQuantity": 0,
          "perGroupPrice": 0,
          "weightDefinition": "g",
          "cupPrice": 13.64,
          "cupDefinition": "per kg",
          "cupWeight": 110,
          "cupString": "per kg",
          "available": true
        }
      ]
    },
    {
      "id": 7315,
      "category": "Pantry",
      "category1": null,
      "category2": "Canned & Jarred Seafood",
      "category3": "Canned Sardines",
      "category4": null,
      "category1Url": null,
      "category2Url": null,
      "category3Url": null,
      "category4Url": null,
      "name": "Sardines in Springwater No Added Salt",
      "brand": "Brunswick",
      "brandAndName": "Brunswick Sardines in Springwater No Added Salt ",
      "volumeSize": "106g",
      "imageFileName": "27981.jpg",
      "collected": null,
      "available": null,
      "disableFromView": null,
      "preferredSupplier": null,
      "disableFromListory": null,
      "url": "brunswick-sardines-in-springwater-no-added-salt-106-g",
      "supplierProducts": [
        {
          "supplierProductId": 27981,
          "supplierCode": "WOOLIES",
          "supplierName": "Woolworths",
          "price": 1.68,
          "discount": 0,
          "percentDiscount": 0,
          "perGroupQuantity": null,
          "perGroupPrice": null,
          "weightDefinition": "g",
          "cupPrice": 15.85,
          "cupDefinition": "per kg",
          "cupWeight": 106,
          "cupString": "per kg",
          "available": true
        }
      ]
    },
    {
      "id": 7332,
      "category": "Pantry",
      "category1": null,
      "category2": "Canned & Jarred Seafood",
      "category3": "Canned Sardines",
      "category4": null,
      "category1Url": null,
      "category2Url": null,
      "category3Url": null,
      "category4Url": null,
      "name": "Sardines In Olive Oil",
      "brand": "Escuris",
      "brandAndName": "Escuris Sardines In Olive Oil ",
      "volumeSize": "115g",
      "imageFileName": "7332.jpg",
      "collected": null,
      "available": null,
      "disableFromView": null,
      "preferredSupplier": null,
      "disableFromListory": null,
      "url": "escuris-sardines-in-olive-oil-115-g",
      "supplierProducts": [
        {
          "supplierProductId": 7332,
          "supplierCode": "COLES",
          "supplierName": "Coles",
          "price": 2.86,
          "discount": 0,
          "percentDiscount": 0,
          "perGroupQuantity": null,
          "perGroupPrice": null,
          "weightDefinition": "g",
          "cupPrice": 24.87,
          "cupDefinition": "per kg",
          "cupWeight": 115,
          "cupString": "per kg",
          "available": true
        }
      ]
    },
    {
      "id": 7347,
      "category": "Pantry",
      "category1": null,
      "category2": "Canned & Jarred Seafood",
      "category3": "Canned Sardines",
      "category4": null,
      "category1Url": null,
      "category2Url": null,
      "category3Url": null,
      "category4Url": null,
      "name": "Sardines in Olive Oil",
      "brand": "King Oscar",
      "brandAndName": "King Oscar Sardines in Olive Oil ",
      "volumeSize": "105g",
      "imageFileName": "28010.jpg",
      "collected": null,
      "available": null,
      "disableFromView": null,
      "preferredSupplier": null,
      "disableFromListory": null,
      "url": "king-oscar-sardines-in-olive-oil-105-g",
      "supplierProducts": [
        {
          "supplierProductId": 28010,
          "supplierCode": "WOOLIES",
          "supplierName": "Woolworths",
          "price": 3.3,
          "discount": 0,
          "percentDiscount": 0,
          "perGroupQuantity": null,
          "perGroupPrice": null,
          "weightDefinition": "g",
          "cupPrice": 31.43,
          "cupDefinition": "per kg",
          "cupWeight": 105,
          "cupString": "per kg",
          "available": true
        }
      ]
    },
    {
      "id": 7348,
      "category": "Pantry",
      "category1": null,
      "category2": "Canned & Jarred Seafood",
      "category3": "Canned Sardines",
      "category4": null,
      "category1Url": null,
      "category2Url": null,
      "category3Url": null,
      "category4Url": null,
      "name": "Sardines in Oil",
      "brand": "King Oscar",
      "brandAndName": "King Oscar Sardines in Oil ",
      "volumeSize": "105g",
      "imageFileName": "45305.jpg",
      "collected": null,
      "available": null,
      "disableFromView": null,
      "preferredSupplier": null,
      "disableFromListory": null,
      "url": "king-oscar-sardines-in-oil-105-g",
      "supplierProducts": [
        {
          "supplierProductId": 45305,
          "supplierCode": "WOOLIES",
          "supplierName": "Woolworths",
          "price": 3.3,
          "discount": 0,
          "percentDiscount": 0,
          "perGroupQuantity": null,
          "perGroupPrice": null,
          "weightDefinition": "g",
          "cupPrice": 31.43,
          "cupDefinition": "per kg",
          "cupWeight": 105,
          "cupString": "per kg",
          "available": true
        },
        {
          "supplierProductId": 7348,
          "supplierCode": "COLES",
          "supplierName": "Coles",
          "price": 3.34,
          "discount": 0,
          "percentDiscount": 0,
          "perGroupQuantity": null,
          "perGroupPrice": null,
          "weightDefinition": "g",
          "cupPrice": 31.81,
          "cupDefinition": "per kg",
          "cupWeight": 105,
          "cupString": "per kg",
          "available": true
        }
      ]
    },
    {
      "id": 7349,
      "category": "Pantry",
      "category1": null,
      "category2": "Canned & Jarred Seafood",
      "category3": "Canned Sardines",
      "category4": null,
      "category1Url": null,
      "category2Url": null,
      "category3Url": null,
      "category4Url": null,
      "name": "Sardines in Tomato Sauce",
      "brand": "King Oscar",
      "brandAndName": "King Oscar Sardines in Tomato Sauce ",
      "volumeSize": "105g",
      "imageFileName": "45306.jpg",
      "collected": null,
      "available": null,
      "disableFromView": null,
      "preferredSupplier": null,
      "disableFromListory": null,
      "url": "king-oscar-sardines-in-tomato-sauce-105-g",
      "supplierProducts": [
        {
          "supplierProductId": 45306,
          "supplierCode": "WOOLIES",
          "supplierName": "Woolworths",
          "price": 3.3,
          "discount": 0,
          "percentDiscount": 0,
          "perGroupQuantity": null,
          "perGroupPrice": null,
          "weightDefinition": "g",
          "cupPrice": 31.43,
          "cupDefinition": "per kg",
          "cupWeight": 105,
          "cupString": "per kg",
          "available": true
        },
        {
          "supplierProductId": 7349,
          "supplierCode": "COLES",
          "supplierName": "Coles",
          "price": 3.34,
          "discount": 0,
          "percentDiscount": 0,
          "perGroupQuantity": null,
          "perGroupPrice": null,
          "weightDefinition": "g",
          "cupPrice": 31.81,
          "cupDefinition": "per kg",
          "cupWeight": 105,
          "cupString": "per kg",
          "available": true
        }
      ]
    },
    {
      "id": 7352,
      "category": "Pantry",
      "category1": null,
      "category2": "Canned & Jarred Seafood",
      "category3": "Canned Sardines",
      "category4": null,
      "category1Url": null,
      "category2Url": null,
      "category3Url": null,
      "category4Url": null,
      "name": "Brisling Sardines In Tomato Sauce",
      "brand": "Safcol",
      "brandAndName": "Safcol Brisling Sardines In Tomato Sauce ",
      "volumeSize": "110g",
      "imageFileName": "7352.jpg",
      "collected": null,
      "available": null,
      "disableFromView": null,
      "preferredSupplier": null,
      "disableFromListory": null,
      "url": "safcol-brisling-sardines-in-tomato-sauce-110-g",
      "supplierProducts": [
        {
          "supplierProductId": 7352,
          "supplierCode": "COLES",
          "supplierName": "Coles",
          "price": 1.5,
          "discount": 0,
          "percentDiscount": 0,
          "perGroupQuantity": 0,
          "perGroupPrice": 0,
          "weightDefinition": "g",
          "cupPrice": 13.64,
          "cupDefinition": "per kg",
          "cupWeight": 110,
          "cupString": "per kg",
          "available": true
        }
      ]
    },
    {
      "id": 7353,
      "category": "Pantry",
      "category1": null,
      "category2": "Canned & Jarred Seafood",
      "category3": "Canned Sardines",
      "category4": null,
      "category1Url": null,
      "category2Url": null,
      "category3Url": null,
      "category4Url": null,
      "name": "Brisling Sardines In Springwater",
      "brand": "Safcol",
      "brandAndName": "Safcol Brisling Sardines In Springwater ",
      "volumeSize": "110g",
      "imageFileName": "7353.jpg",
      "collected": null,
      "available": null,
      "disableFromView": null,
      "preferredSupplier": null,
      "disableFromListory": null,
      "url": "safcol-brisling-sardines-in-springwater-110-g",
      "supplierProducts": [
        {
          "supplierProductId": 7353,
          "supplierCode": "COLES",
          "supplierName": "Coles",
          "price": 1.5,
          "discount": 0,
          "percentDiscount": 0,
          "perGroupQuantity": 0,
          "perGroupPrice": 0,
          "weightDefinition": "g",
          "cupPrice": 13.64,
          "cupDefinition": "per kg",
          "cupWeight": 110,
          "cupString": "per kg",
          "available": true
        }
      ]
    },
    {
      "id": 16488,
      "category": "Pets",
      "category1": null,
      "category2": "Cat Food",
      "category3": "Seafood for Cats",
      "category4": null,
      "category1Url": null,
      "category2Url": null,
      "category3Url": null,
      "category4Url": null,
      "name": "Sardines & Tuna Loaf Canned Cat Food",
      "brand": "Whiskas",
      "brandAndName": "Whiskas Sardines & Tuna Loaf Canned Cat Food ",
      "volumeSize": "400g",
      "imageFileName": "41725.jpg",
      "collected": null,
      "available": null,
      "disableFromView": null,
      "preferredSupplier": null,
      "disableFromListory": null,
      "url": "whiskas-sardines-and-tuna-loaf-canned-cat-food-400-g",
      "supplierProducts": [
        {
          "supplierProductId": 41725,
          "supplierCode": "WOOLIES",
          "supplierName": "Woolworths",
          "price": 1.5,
          "discount": 0,
          "percentDiscount": 0,
          "perGroupQuantity": 5,
          "perGroupPrice": 7,
          "weightDefinition": "g",
          "cupPrice": 3.75,
          "cupDefinition": "per kg",
          "cupWeight": 400,
          "cupString": "per kg",
          "available": true
        },
        {
          "supplierProductId": 16488,
          "supplierCode": "COLES",
          "supplierName": "Coles",
          "price": 1.65,
          "discount": 0,
          "percentDiscount": 0,
          "perGroupQuantity": null,
          "perGroupPrice": null,
          "weightDefinition": "g",
          "cupPrice": 4.12,
          "cupDefinition": "per kg",
          "cupWeight": 400,
          "cupString": "per kg",
          "available": true
        }
      ]
    },
    {
      "id": 21503,
      "category": "Pets",
      "category1": null,
      "category2": "Dog Food",
      "category3": "Variety Food for Dogs",
      "category4": null,
      "category1Url": null,
      "category2Url": null,
      "category3Url": null,
      "category4Url": null,
      "name": "Fish with Sardines Tuna & Spring Vegetables Canned Dog Food",
      "brand": "My Dog",
      "brandAndName": "My Dog Fish with Sardines Tuna & Spring Vegetables Canned Dog Food ",
      "volumeSize": "400g",
      "imageFileName": "41349.jpg",
      "collected": null,
      "available": null,
      "disableFromView": null,
      "preferredSupplier": null,
      "disableFromListory": null,
      "url": "my-dog-fish-with-sardines-tuna-and-spring-vegetables-canned-dog-food-400-g",
      "supplierProducts": [
        {
          "supplierProductId": 41349,
          "supplierCode": "WOOLIES",
          "supplierName": "Woolworths",
          "price": 2.1,
          "discount": 0,
          "percentDiscount": 0,
          "perGroupQuantity": null,
          "perGroupPrice": null,
          "weightDefinition": "g",
          "cupPrice": 5.25,
          "cupDefinition": "per kg",
          "cupWeight": 400,
          "cupString": "per kg",
          "available": true
        }
      ]
    },
    {
      "id": 27987,
      "category": "Pantry",
      "category1": null,
      "category2": "Canned & Jarred Seafood",
      "category3": "Canned Sardines",
      "category4": null,
      "category1Url": null,
      "category2Url": null,
      "category3Url": null,
      "category4Url": null,
      "name": "Sardines In Oil",
      "brand": "Homebrand",
      "brandAndName": "Homebrand Sardines In Oil ",
      "volumeSize": "125g",
      "imageFileName": "27987.jpg",
      "collected": null,
      "available": null,
      "disableFromView": null,
      "preferredSupplier": null,
      "disableFromListory": null,
      "url": "homebrand-sardines-in-oil-125-g",
      "supplierProducts": [
        {
          "supplierProductId": 27987,
          "supplierCode": "WOOLIES",
          "supplierName": "Woolworths",
          "price": 0.69,
          "discount": 0,
          "percentDiscount": 0,
          "perGroupQuantity": 0,
          "perGroupPrice": 0,
          "weightDefinition": "g",
          "cupPrice": 5.52,
          "cupDefinition": "per kg",
          "cupWeight": 125,
          "cupString": "per kg",
          "available": true
        }
      ]
    },
    {
      "id": 27988,
      "category": "Pantry",
      "category1": null,
      "category2": "Canned & Jarred Seafood",
      "category3": "Canned Sardines",
      "category4": null,
      "category1Url": null,
      "category2Url": null,
      "category3Url": null,
      "category4Url": null,
      "name": "Sardines In Springwater",
      "brand": "Homebrand",
      "brandAndName": "Homebrand Sardines In Springwater ",
      "volumeSize": "125g",
      "imageFileName": "27988.jpg",
      "collected": null,
      "available": null,
      "disableFromView": null,
      "preferredSupplier": null,
      "disableFromListory": null,
      "url": "homebrand-sardines-in-springwater-125-g",
      "supplierProducts": [
        {
          "supplierProductId": 27988,
          "supplierCode": "WOOLIES",
          "supplierName": "Woolworths",
          "price": 0.65,
          "discount": 0,
          "percentDiscount": 0,
          "perGroupQuantity": 0,
          "perGroupPrice": 0,
          "weightDefinition": "g",
          "cupPrice": 5.2,
          "cupDefinition": "per kg",
          "cupWeight": 125,
          "cupString": "per kg",
          "available": true
        }
      ]
    },
    {
      "id": 27989,
      "category": "Pantry",
      "category1": null,
      "category2": "Canned & Jarred Seafood",
      "category3": "Canned Sardines",
      "category4": null,
      "category1Url": null,
      "category2Url": null,
      "category3Url": null,
      "category4Url": null,
      "name": "Sardines In Tomato Sauce",
      "brand": "Homebrand",
      "brandAndName": "Homebrand Sardines In Tomato Sauce ",
      "volumeSize": "125g",
      "imageFileName": "27989.jpg",
      "collected": null,
      "available": null,
      "disableFromView": null,
      "preferredSupplier": null,
      "disableFromListory": null,
      "url": "homebrand-sardines-in-tomato-sauce-125-g",
      "supplierProducts": [
        {
          "supplierProductId": 27989,
          "supplierCode": "WOOLIES",
          "supplierName": "Woolworths",
          "price": 0.65,
          "discount": 0,
          "percentDiscount": 0,
          "perGroupQuantity": 0,
          "perGroupPrice": 0,
          "weightDefinition": "g",
          "cupPrice": 5.2,
          "cupDefinition": "per kg",
          "cupWeight": 125,
          "cupString": "per kg",
          "available": true
        }
      ]
    },
    {
      "id": 28032,
      "category": "Pantry",
      "category1": null,
      "category2": "Canned & Jarred Seafood",
      "category3": "Canned Sardines",
      "category4": null,
      "category1Url": null,
      "category2Url": null,
      "category3Url": null,
      "category4Url": null,
      "name": "Brisling Sardines In Oil",
      "brand": "Woolworths",
      "brandAndName": "Woolworths Brisling Sardines In Oil ",
      "volumeSize": "110g",
      "imageFileName": "28032.jpg",
      "collected": null,
      "available": null,
      "disableFromView": null,
      "preferredSupplier": null,
      "disableFromListory": null,
      "url": "woolworths-brisling-sardines-in-oil-110-g",
      "supplierProducts": [
        {
          "supplierProductId": 28032,
          "supplierCode": "WOOLIES",
          "supplierName": "Woolworths",
          "price": 1.4,
          "discount": 0,
          "percentDiscount": 0,
          "perGroupQuantity": 0,
          "perGroupPrice": 0,
          "weightDefinition": "g",
          "cupPrice": 12.73,
          "cupDefinition": "per kg",
          "cupWeight": 110,
          "cupString": "per kg",
          "available": true
        }
      ]
    },
    {
      "id": 45309,
      "category": "Pantry",
      "category1": null,
      "category2": "Canned & Jarred Seafood",
      "category3": "Canned Sardines",
      "category4": null,
      "category1Url": null,
      "category2Url": null,
      "category3Url": null,
      "category4Url": null,
      "name": "Brisling Sardines In Springwater",
      "brand": "Woolworths",
      "brandAndName": "Woolworths Brisling Sardines In Springwater ",
      "volumeSize": "110g",
      "imageFileName": "45309.jpg",
      "collected": null,
      "available": null,
      "disableFromView": null,
      "preferredSupplier": null,
      "disableFromListory": null,
      "url": "woolworths-brisling-sardines-in-springwater-110-g",
      "supplierProducts": [
        {
          "supplierProductId": 45309,
          "supplierCode": "WOOLIES",
          "supplierName": "Woolworths",
          "price": 1.4,
          "discount": 0,
          "percentDiscount": 0,
          "perGroupQuantity": 0,
          "perGroupPrice": 0,
          "weightDefinition": "g",
          "cupPrice": 12.73,
          "cupDefinition": "per kg",
          "cupWeight": 110,
          "cupString": "per kg",
          "available": true
        }
      ]
    },
    {
      "id": 45310,
      "category": "Pantry",
      "category1": null,
      "category2": "Canned & Jarred Seafood",
      "category3": "Canned Sardines",
      "category4": null,
      "category1Url": null,
      "category2Url": null,
      "category3Url": null,
      "category4Url": null,
      "name": "Brisling Sardines In Tomato Sauce",
      "brand": "Woolworths",
      "brandAndName": "Woolworths Brisling Sardines In Tomato Sauce ",
      "volumeSize": "110g",
      "imageFileName": "45310.jpg",
      "collected": null,
      "available": null,
      "disableFromView": null,
      "preferredSupplier": null,
      "disableFromListory": null,
      "url": "woolworths-brisling-sardines-in-tomato-sauce-110-g",
      "supplierProducts": [
        {
          "supplierProductId": 45310,
          "supplierCode": "WOOLIES",
          "supplierName": "Woolworths",
          "price": 1.4,
          "discount": 0,
          "percentDiscount": 0,
          "perGroupQuantity": 0,
          "perGroupPrice": 0,
          "weightDefinition": "g",
          "cupPrice": 12.73,
          "cupDefinition": "per kg",
          "cupWeight": 110,
          "cupString": "per kg",
          "available": true
        }
      ]
    },
    {
      "id": 54071,
      "category": "Pets",
      "category1": null,
      "category2": "Cat Food",
      "category3": "Seafood for Cats",
      "category4": null,
      "category1Url": null,
      "category2Url": null,
      "category3Url": null,
      "category4Url": null,
      "name": "Cat Food Chunky Sardines",
      "brand": "Smitten",
      "brandAndName": "Smitten Cat Food Chunky Sardines ",
      "volumeSize": "400g",
      "imageFileName": "54071.jpg",
      "collected": null,
      "available": null,
      "disableFromView": null,
      "preferredSupplier": null,
      "disableFromListory": null,
      "url": "smitten-cat-food-chunky-sardines-400-g",
      "supplierProducts": [
        {
          "supplierProductId": 54071,
          "supplierCode": "WOOLIES",
          "supplierName": "Woolworths",
          "price": 0.85,
          "discount": 0,
          "percentDiscount": 0,
          "perGroupQuantity": 0,
          "perGroupPrice": 0,
          "weightDefinition": "g",
          "cupPrice": 2.12,
          "cupDefinition": "per kg",
          "cupWeight": 400,
          "cupString": "per kg",
          "available": true
        }
      ]
    },
    {
      "id": 55658,
      "category": "Pantry",
      "category1": null,
      "category2": "Canned & Jarred Seafood",
      "category3": "Canned Sardines",
      "category4": null,
      "category1Url": null,
      "category2Url": null,
      "category3Url": null,
      "category4Url": null,
      "name": "Sardines in Olive Oil",
      "brand": "King Oscar",
      "brandAndName": "King Oscar Sardines in Olive Oil ",
      "volumeSize": "45g",
      "imageFileName": "7346.jpg",
      "collected": null,
      "available": null,
      "disableFromView": null,
      "preferredSupplier": null,
      "disableFromListory": null,
      "url": "king-oscar-sardines-in-olive-oil-45-g",
      "supplierProducts": [
        {
          "supplierProductId": 7346,
          "supplierCode": "COLES",
          "supplierName": "Coles",
          "price": 2.31,
          "discount": 0,
          "percentDiscount": 0,
          "perGroupQuantity": null,
          "perGroupPrice": null,
          "weightDefinition": "g",
          "cupPrice": 51.33,
          "cupDefinition": "per kg",
          "cupWeight": 45,
          "cupString": "per kg",
          "available": true
        }
      ]
    },
    {
      "id": 92568,
      "category": "Pantry",
      "category1": null,
      "category2": "Canned & Jarred Seafood",
      "category3": "Canned Sardines",
      "category4": null,
      "category1Url": null,
      "category2Url": null,
      "category3Url": null,
      "category4Url": null,
      "name": "Canned Sardines With Lemon &Thyme",
      "brand": "John West",
      "brandAndName": "John West Canned Sardines With Lemon &Thyme ",
      "volumeSize": "110g",
      "imageFileName": null,
      "collected": null,
      "available": null,
      "disableFromView": null,
      "preferredSupplier": null,
      "disableFromListory": null,
      "url": "john-west-canned-sardines-with-lemon-and-thyme-110-g",
      "supplierProducts": [
        {
          "supplierProductId": 88667,
          "supplierCode": "WOOLIES",
          "supplierName": "Woolworths",
          "price": 2.67,
          "discount": 0,
          "percentDiscount": 0,
          "perGroupQuantity": null,
          "perGroupPrice": null,
          "weightDefinition": "g",
          "cupPrice": 24.27,
          "cupDefinition": "per kg",
          "cupWeight": 110,
          "cupString": "per kg",
          "available": true
        },
        {
          "supplierProductId": 90714,
          "supplierCode": "COLES",
          "supplierName": "Coles",
          "price": 2.92,
          "discount": 0,
          "percentDiscount": 0,
          "perGroupQuantity": null,
          "perGroupPrice": null,
          "weightDefinition": "g",
          "cupPrice": 26.55,
          "cupDefinition": "per kg",
          "cupWeight": 110,
          "cupString": "per kg",
          "available": true
        }
      ]
    },
    {
      "id": 92569,
      "category": "Pantry",
      "category1": null,
      "category2": "Canned & Jarred Seafood",
      "category3": "Canned Sardines",
      "category4": null,
      "category1Url": null,
      "category2Url": null,
      "category3Url": null,
      "category4Url": null,
      "name": "Canned Sardines With Rosemary & Seasalt",
      "brand": "John West",
      "brandAndName": "John West Canned Sardines With Rosemary & Seasalt ",
      "volumeSize": "110g",
      "imageFileName": null,
      "collected": null,
      "available": null,
      "disableFromView": null,
      "preferredSupplier": null,
      "disableFromListory": null,
      "url": "john-west-canned-sardines-with-rosemary-and-seasalt-110-g",
      "supplierProducts": [
        {
          "supplierProductId": 88669,
          "supplierCode": "WOOLIES",
          "supplierName": "Woolworths",
          "price": 2.67,
          "discount": 0,
          "percentDiscount": 0,
          "perGroupQuantity": null,
          "perGroupPrice": null,
          "weightDefinition": "g",
          "cupPrice": 24.27,
          "cupDefinition": "per kg",
          "cupWeight": 110,
          "cupString": "per kg",
          "available": true
        },
        {
          "supplierProductId": 90715,
          "supplierCode": "COLES",
          "supplierName": "Coles",
          "price": 2.92,
          "discount": 0,
          "percentDiscount": 0,
          "perGroupQuantity": null,
          "perGroupPrice": null,
          "weightDefinition": "g",
          "cupPrice": 26.55,
          "cupDefinition": "per kg",
          "cupWeight": 110,
          "cupString": "per kg",
          "available": true
        }
      ]
    },
    {
      "id": 92570,
      "category": "Pantry",
      "category1": null,
      "category2": "Canned & Jarred Seafood",
      "category3": "Canned Sardines",
      "category4": null,
      "category1Url": null,
      "category2Url": null,
      "category3Url": null,
      "category4Url": null,
      "name": "Canned Sardines With Lemon Chilli & Garlic",
      "brand": "John West",
      "brandAndName": "John West Canned Sardines With Lemon Chilli & Garlic ",
      "volumeSize": "110g",
      "imageFileName": null,
      "collected": null,
      "available": null,
      "disableFromView": null,
      "preferredSupplier": null,
      "disableFromListory": null,
      "url": "john-west-canned-sardines-with-lemon-chilli-and-garlic-110-g",
      "supplierProducts": [
        {
          "supplierProductId": 90716,
          "supplierCode": "COLES",
          "supplierName": "Coles",
          "price": 2.92,
          "discount": 0,
          "percentDiscount": 0,
          "perGroupQuantity": null,
          "perGroupPrice": null,
          "weightDefinition": "g",
          "cupPrice": 26.55,
          "cupDefinition": "per kg",
          "cupWeight": 110,
          "cupString": "per kg",
          "available": true
        },
        {
          "supplierProductId": 88668,
          "supplierCode": "WOOLIES",
          "supplierName": "Woolworths",
          "price": 2.67,
          "discount": 0,
          "percentDiscount": 0,
          "perGroupQuantity": null,
          "perGroupPrice": null,
          "weightDefinition": "g",
          "cupPrice": 24.27,
          "cupDefinition": "per kg",
          "cupWeight": 110,
          "cupString": "per kg",
          "available": true
        }
      ]
    },
    {
      "id": 92999,
      "category": "Pantry",
      "category1": null,
      "category2": "Canned & Jarred Seafood",
      "category3": "Canned Sardines",
      "category4": null,
      "category1Url": null,
      "category2Url": null,
      "category3Url": null,
      "category4Url": null,
      "name": "Brisling Sardines In Pure Springwater",
      "brand": "King Oscar",
      "brandAndName": "King Oscar Brisling Sardines In Pure Springwater ",
      "volumeSize": "105g",
      "imageFileName": null,
      "collected": null,
      "available": null,
      "disableFromView": null,
      "preferredSupplier": null,
      "disableFromListory": null,
      "url": "king-oscar-brisling-sardines-in-pure-springwater-105-g",
      "supplierProducts": [
        {
          "supplierProductId": 91145,
          "supplierCode": "COLES",
          "supplierName": "Coles",
          "price": 3.29,
          "discount": 0,
          "percentDiscount": 0,
          "perGroupQuantity": null,
          "perGroupPrice": null,
          "weightDefinition": "g",
          "cupPrice": 31.33,
          "cupDefinition": "per kg",
          "cupWeight": 105,
          "cupString": "per kg",
          "available": true
        }
      ]
    }
  ],
  "isLastPage": true,
  "ageRestriction": null,
  "postcode": 411,
  "hasDOB": false,
  "underAge": false,
  "filters": [
    {
      "code": "BRAND",
      "metaDatas": [
        {
          "name": "Brunswick",
          "url": null,
          "count": 3,
          "id": null,
          "parentId": null,
          "level": null
        },
        {
          "name": "Escuris",
          "url": null,
          "count": 1,
          "id": null,
          "parentId": null,
          "level": null
        },
        {
          "name": "Homebrand",
          "url": null,
          "count": 3,
          "id": null,
          "parentId": null,
          "level": null
        },
        {
          "name": "John West",
          "url": null,
          "count": 6,
          "id": null,
          "parentId": null,
          "level": null
        },
        {
          "name": "King Oscar",
          "url": null,
          "count": 5,
          "id": null,
          "parentId": null,
          "level": null
        },
        {
          "name": "My Dog",
          "url": null,
          "count": 1,
          "id": null,
          "parentId": null,
          "level": null
        },
        {
          "name": "Safcol",
          "url": null,
          "count": 3,
          "id": null,
          "parentId": null,
          "level": null
        },
        {
          "name": "Seacrown",
          "url": null,
          "count": 2,
          "id": null,
          "parentId": null,
          "level": null
        },
        {
          "name": "Smitten",
          "url": null,
          "count": 1,
          "id": null,
          "parentId": null,
          "level": null
        },
        {
          "name": "Whiskas",
          "url": null,
          "count": 1,
          "id": null,
          "parentId": null,
          "level": null
        },
        {
          "name": "Woolworths",
          "url": null,
          "count": 3,
          "id": null,
          "parentId": null,
          "level": null
        }
      ]
    },
    {
      "code": "CATEGORY1",
      "metaDatas": [
        {
          "name": "Pantry",
          "url": "pantry",
          "count": 26,
          "id": 40065,
          "parentId": null,
          "level": 1
        },
        {
          "name": "Pets",
          "url": "pets",
          "count": 3,
          "id": 41525,
          "parentId": null,
          "level": 1
        }
      ]
    },
    {
      "code": "CATEGORY2",
      "metaDatas": [
        {
          "name": "Canned & Jarred Seafood",
          "url": "canned-jarred-seafood",
          "count": 26,
          "id": 40842,
          "parentId": 40065,
          "level": 2
        },
        {
          "name": "Cat Food",
          "url": "cat-food",
          "count": 2,
          "id": 41528,
          "parentId": 41525,
          "level": 2
        },
        {
          "name": "Dog Food",
          "url": "dog-food",
          "count": 1,
          "id": 41539,
          "parentId": 41525,
          "level": 2
        }
      ]
    },
    {
      "code": "CATEGORY3",
      "metaDatas": [
        {
          "name": "Canned Sardines",
          "url": "canned-sardines",
          "count": 26,
          "id": 40889,
          "parentId": 40842,
          "level": 2
        },
        {
          "name": "Seafood for Cats",
          "url": "seafood-for-cats",
          "count": 2,
          "id": 41532,
          "parentId": 41528,
          "level": 2
        },
        {
          "name": "Variety Food for Dogs",
          "url": "variety-food-for-dogs",
          "count": 1,
          "id": 41542,
          "parentId": 41539,
          "level": 2
        }
      ]
    },
    {
      "code": "VOLUMESIZE",
      "metaDatas": [
        {
          "name": "105g ",
          "url": null,
          "count": 4,
          "id": null,
          "parentId": null,
          "level": 0
        },
        {
          "name": "106g ",
          "url": null,
          "count": 3,
          "id": null,
          "parentId": null,
          "level": 0
        },
        {
          "name": "110g ",
          "url": null,
          "count": 12,
          "id": null,
          "parentId": null,
          "level": 0
        },
        {
          "name": "115g ",
          "url": null,
          "count": 1,
          "id": null,
          "parentId": null,
          "level": 0
        },
        {
          "name": "125g ",
          "url": null,
          "count": 5,
          "id": null,
          "parentId": null,
          "level": 0
        },
        {
          "name": "400g ",
          "url": null,
          "count": 3,
          "id": null,
          "parentId": null,
          "level": 0
        },
        {
          "name": "45g ",
          "url": null,
          "count": 1,
          "id": null,
          "parentId": null,
          "level": 0
        }
      ]
    }
  ]
}
