{
  "hits": 34,
  "items": [
    {
      "id": 1383,
      "category": "Dairy & Eggs",
      "category1": null,
      "category2": "Milk",
      "category3": "Full Cream Milk",
      "category4": null,
      "category1Url": null,
      "category2Url": null,
      "category3Url": null,
      "category4Url": null,
      "name": "Full Cream Milk",
      "brand": "Coles",
      "brandAndName": "Coles Full Cream Milk ",
      "volumeSize": "2L",
      "imageFileName": "1383.jpg",
      "collected": null,
      "available": null,
      "disableFromView": null,
      "preferredSupplier": null,
      "disableFromListory": null,
      "url": "coles-full-cream-milk-2000-ml",
      "supplierProducts": [
        {
          "supplierProductId": 1383,
          "supplierCode": "COLES",
          "supplierName": "Coles",
          "price": 2,
          "discount": 0,
          "percentDiscount": 0,
          "perGroupQuantity": 0,
          "perGroupPrice": 0,
          "weightDefinition": "ml",
          "cupPrice": 1,
          "cupDefinition": "per L",
          "cupWeight": 2000,
          "cupString": "per L",
          "available": true
        }
      ]
    },
    {
      "id": 1386,
      "category": "Dairy & Eggs",
      "category1": null,
      "category2": "Milk",
      "category3": "Full Cream Milk",
      "category4": null,
      "category1Url": null,
      "category2Url": null,
      "category3Url": null,
      "category4Url": null,
      "name": "Full Cream Milk",
      "brand": "Dairy Farmers",
      "brandAndName": "Dairy Farmers Full Cream Milk ",
      "volumeSize": "2L",
      "imageFileName": "1386.jpg",
      "collected": null,
      "available": null,
      "disableFromView": null,
      "preferredSupplier": null,
      "disableFromListory": null,
      "url": "dairy-farmers-full-cream-milk-2000-ml",
      "supplierProducts": [
        {
          "supplierProductId": 1386,
          "supplierCode": "COLES",
          "supplierName": "Coles",
          "price": 2.99,
          "discount": 0,
          "percentDiscount": 0,
          "perGroupQuantity": 0,
          "perGroupPrice": 0,
          "weightDefinition": "ml",
          "cupPrice": 1.5,
          "cupDefinition": "per L",
          "cupWeight": 2000,
          "cupString": "per L",
          "available": true
        }
      ]
    },
    {
      "id": 1387,
      "category": "Dairy & Eggs",
      "category1": null,
      "category2": "Milk",
      "category3": "Full Cream Milk",
      "category4": null,
      "category1Url": null,
      "category2Url": null,
      "category3Url": null,
      "category4Url": null,
      "name": "Full Cream Milk",
      "brand": "Dairy Farmers",
      "brandAndName": "Dairy Farmers Full Cream Milk ",
      "volumeSize": "3L",
      "imageFileName": "25567.jpg",
      "collected": null,
      "available": null,
      "disableFromView": null,
      "preferredSupplier": null,
      "disableFromListory": null,
      "url": "dairy-farmers-full-cream-milk-3000-ml",
      "supplierProducts": [
        {
          "supplierProductId": 1387,
          "supplierCode": "COLES",
          "supplierName": "Coles",
          "price": 4.49,
          "discount": 0,
          "percentDiscount": 0,
          "perGroupQuantity": 0,
          "perGroupPrice": 0,
          "weightDefinition": "ml",
          "cupPrice": 1.5,
          "cupDefinition": "per L",
          "cupWeight": 3000,
          "cupString": "per L",
          "available": true
        },
        {
          "supplierProductId": 25567,
          "supplierCode": "WOOLIES",
          "supplierName": "Woolworths",
          "price": 4.5,
          "discount": 0,
          "percentDiscount": 0,
          "perGroupQuantity": null,
          "perGroupPrice": null,
          "weightDefinition": "ml",
          "cupPrice": 1.5,
          "cupDefinition": "per L",
          "cupWeight": 3000,
          "cupString": "per L",
          "available": true
        }
      ]
    },
    {
      "id": 1388,
      "category": "Dairy & Eggs",
      "category1": null,
      "category2": "Milk",
      "category3": "Full Cream Milk",
      "category4": null,
      "category1Url": null,
      "category2Url": null,
      "category3Url": null,
      "category4Url": null,
      "name": "Full Cream Milk",
      "brand": "A2",
      "brandAndName": "A2 Full Cream Milk ",
      "volumeSize": "2L",
      "imageFileName": "25563.jpg",
      "collected": null,
      "available": null,
      "disableFromView": null,
      "preferredSupplier": null,
      "disableFromListory": null,
      "url": "a2-full-cream-milk-2000-ml",
      "supplierProducts": [
        {
          "supplierProductId": 25563,
          "supplierCode": "WOOLIES",
          "supplierName": "Woolworths",
          "price": 4.69,
          "discount": 0,
          "percentDiscount": 0,
          "perGroupQuantity": 0,
          "perGroupPrice": 0,
          "weightDefinition": "ml",
          "cupPrice": 2.34,
          "cupDefinition": "per L",
          "cupWeight": 2000,
          "cupString": "per L",
          "available": true
        },
        {
          "supplierProductId": 1388,
          "supplierCode": "COLES",
          "supplierName": "Coles",
          "price": 4.7,
          "discount": 0,
          "percentDiscount": 0,
          "perGroupQuantity": 0,
          "perGroupPrice": 0,
          "weightDefinition": "ml",
          "cupPrice": 2.35,
          "cupDefinition": "per L",
          "cupWeight": 2000,
          "cupString": "per L",
          "available": true
        }
      ]
    },
    {
      "id": 1389,
      "category": "Dairy & Eggs",
      "category1": null,
      "category2": "Milk",
      "category3": "Full Cream Milk",
      "category4": null,
      "category1Url": null,
      "category2Url": null,
      "category3Url": null,
      "category4Url": null,
      "name": "Full Fat Milk",
      "brand": "Devondale",
      "brandAndName": "Devondale Full Fat Milk ",
      "volumeSize": "2L",
      "imageFileName": "1389.jpg",
      "collected": null,
      "available": null,
      "disableFromView": null,
      "preferredSupplier": null,
      "disableFromListory": null,
      "url": "devondale-full-fat-milk-2000-ml",
      "supplierProducts": [
        {
          "supplierProductId": 1389,
          "supplierCode": "COLES",
          "supplierName": "Coles",
          "price": 2.99,
          "discount": 0,
          "percentDiscount": 0,
          "perGroupQuantity": null,
          "perGroupPrice": null,
          "weightDefinition": "ml",
          "cupPrice": 1.5,
          "cupDefinition": "per L",
          "cupWeight": 2000,
          "cupString": "per L",
          "available": true
        }
      ]
    },
    {
      "id": 1393,
      "category": "Dairy & Eggs",
      "category1": null,
      "category2": "Milk",
      "category3": "Full Cream Milk",
      "category4": null,
      "category1Url": null,
      "category2Url": null,
      "category3Url": null,
      "category4Url": null,
      "name": "Full Fat Milk",
      "brand": "Devondale",
      "brandAndName": "Devondale Full Fat Milk ",
      "volumeSize": "3L",
      "imageFileName": "1393.jpg",
      "collected": null,
      "available": null,
      "disableFromView": null,
      "preferredSupplier": null,
      "disableFromListory": null,
      "url": "devondale-full-fat-milk-3000-ml",
      "supplierProducts": [
        {
          "supplierProductId": 1393,
          "supplierCode": "COLES",
          "supplierName": "Coles",
          "price": 3.99,
          "discount": 0,
          "percentDiscount": 0,
          "perGroupQuantity": 0,
          "perGroupPrice": 0,
          "weightDefinition": "ml",
          "cupPrice": 1.33,
          "cupDefinition": "per L",
          "cupWeight": 3000,
          "cupString": "per L",
          "available": true
        }
      ]
    },
    {
      "id": 1394,
      "category": "Dairy & Eggs",
      "category1": null,
      "category2": "Milk",
      "category3": "Full Cream Milk",
      "category4": null,
      "category1Url": null,
      "category2Url": null,
      "category3Url": null,
      "category4Url": null,
      "name": "Full Cream Milk",
      "brand": "Dairy Farmers",
      "brandAndName": "Dairy Farmers Full Cream Milk ",
      "volumeSize": "1L",
      "imageFileName": "25565.jpg",
      "collected": null,
      "available": null,
      "disableFromView": null,
      "preferredSupplier": null,
      "disableFromListory": null,
      "url": "dairy-farmers-full-cream-milk-1000-ml",
      "supplierProducts": [
        {
          "supplierProductId": 1394,
          "supplierCode": "COLES",
          "supplierName": "Coles",
          "price": 2.15,
          "discount": 0,
          "percentDiscount": 0,
          "perGroupQuantity": 0,
          "perGroupPrice": 0,
          "weightDefinition": "ml",
          "cupPrice": 2.15,
          "cupDefinition": "per L",
          "cupWeight": 1000,
          "cupString": "per L",
          "available": true
        },
        {
          "supplierProductId": 25565,
          "supplierCode": "WOOLIES",
          "supplierName": "Woolworths",
          "price": 2.15,
          "discount": 0,
          "percentDiscount": 0,
          "perGroupQuantity": 0,
          "perGroupPrice": 0,
          "weightDefinition": "ml",
          "cupPrice": 2.15,
          "cupDefinition": "per L",
          "cupWeight": 1000,
          "cupString": "per L",
          "available": true
        }
      ]
    },
    {
      "id": 1396,
      "category": "Dairy & Eggs",
      "category1": null,
      "category2": "Milk",
      "category3": "Full Cream Milk",
      "category4": null,
      "category1Url": null,
      "category2Url": null,
      "category3Url": null,
      "category4Url": null,
      "name": "Full Cream Milk",
      "brand": "Coles",
      "brandAndName": "Coles Full Cream Milk ",
      "volumeSize": "1L",
      "imageFileName": "1396.jpg",
      "collected": null,
      "available": null,
      "disableFromView": null,
      "preferredSupplier": null,
      "disableFromListory": null,
      "url": "coles-full-cream-milk-1000-ml",
      "supplierProducts": [
        {
          "supplierProductId": 1396,
          "supplierCode": "COLES",
          "supplierName": "Coles",
          "price": 1.2,
          "discount": 0,
          "percentDiscount": 0,
          "perGroupQuantity": null,
          "perGroupPrice": null,
          "weightDefinition": "ml",
          "cupPrice": 1.2,
          "cupDefinition": "per L",
          "cupWeight": 1000,
          "cupString": "per L",
          "available": true
        }
      ]
    },
    {
      "id": 1402,
      "category": "Dairy & Eggs",
      "category1": null,
      "category2": "Milk",
      "category3": "Full Cream Milk",
      "category4": null,
      "category1Url": null,
      "category2Url": null,
      "category3Url": null,
      "category4Url": null,
      "name": "Zymil Full Cream Milk",
      "brand": "Pauls",
      "brandAndName": "Pauls Zymil Full Cream Milk ",
      "volumeSize": "2L",
      "imageFileName": "25579.jpg",
      "collected": null,
      "available": null,
      "disableFromView": null,
      "preferredSupplier": null,
      "disableFromListory": null,
      "url": "pauls-zymil-full-cream-milk-2000-ml",
      "supplierProducts": [
        {
          "supplierProductId": 1402,
          "supplierCode": "COLES",
          "supplierName": "Coles",
          "price": 4.89,
          "discount": 0,
          "percentDiscount": 0,
          "perGroupQuantity": 0,
          "perGroupPrice": 0,
          "weightDefinition": "ml",
          "cupPrice": 2.44,
          "cupDefinition": "per L",
          "cupWeight": 2000,
          "cupString": "per L",
          "available": true
        },
        {
          "supplierProductId": 25579,
          "supplierCode": "WOOLIES",
          "supplierName": "Woolworths",
          "price": 4.95,
          "discount": 0,
          "percentDiscount": 0,
          "perGroupQuantity": null,
          "perGroupPrice": null,
          "weightDefinition": "ml",
          "cupPrice": 2.48,
          "cupDefinition": "per L",
          "cupWeight": 2000,
          "cupString": "per L",
          "available": true
        }
      ]
    },
    {
      "id": 1416,
      "category": "Dairy & Eggs",
      "category1": null,
      "category2": "Milk",
      "category3": "Full Cream Milk",
      "category4": null,
      "category1Url": null,
      "category2Url": null,
      "category3Url": null,
      "category4Url": null,
      "name": "Full Cream Milk",
      "brand": "Green Pastures",
      "brandAndName": "Green Pastures Full Cream Milk ",
      "volumeSize": "2L",
      "imageFileName": "1416.jpg",
      "collected": null,
      "available": null,
      "disableFromView": null,
      "preferredSupplier": null,
      "disableFromListory": null,
      "url": "green-pastures-full-cream-milk-2000-ml",
      "supplierProducts": [
        {
          "supplierProductId": 1416,
          "supplierCode": "COLES",
          "supplierName": "Coles",
          "price": 4.79,
          "discount": 0,
          "percentDiscount": 0,
          "perGroupQuantity": null,
          "perGroupPrice": null,
          "weightDefinition": "ml",
          "cupPrice": 2.4,
          "cupDefinition": "per L",
          "cupWeight": 2000,
          "cupString": "per L",
          "available": true
        }
      ]
    },
    {
      "id": 1424,
      "category": "Dairy & Eggs",
      "category1": null,
      "category2": "Milk",
      "category3": "Full Cream Milk",
      "category4": null,
      "category1Url": null,
      "category2Url": null,
      "category3Url": null,
      "category4Url": null,
      "name": "Organic Full Cream Milk",
      "brand": "Parmalat",
      "brandAndName": "Parmalat Organic Full Cream Milk ",
      "volumeSize": "2L",
      "imageFileName": "1424.jpg",
      "collected": null,
      "available": null,
      "disableFromView": null,
      "preferredSupplier": null,
      "disableFromListory": null,
      "url": "parmalat-organic-full-cream-milk-2000-ml",
      "supplierProducts": [
        {
          "supplierProductId": 1424,
          "supplierCode": "COLES",
          "supplierName": "Coles",
          "price": 5.95,
          "discount": 0,
          "percentDiscount": 0,
          "perGroupQuantity": 0,
          "perGroupPrice": 0,
          "weightDefinition": "ml",
          "cupPrice": 2.98,
          "cupDefinition": "per L",
          "cupWeight": 2000,
          "cupString": "per L",
          "available": true
        }
      ]
    },
    {
      "id": 1426,
      "category": "Dairy & Eggs",
      "category1": null,
      "category2": "Milk",
      "category3": "Full Cream Milk",
      "category4": null,
      "category1Url": null,
      "category2Url": null,
      "category3Url": null,
      "category4Url": null,
      "name": "Full Cream Milk",
      "brand": "A2",
      "brandAndName": "A2 Full Cream Milk ",
      "volumeSize": "1L",
      "imageFileName": "25562.jpg",
      "collected": null,
      "available": null,
      "disableFromView": null,
      "preferredSupplier": null,
      "disableFromListory": null,
      "url": "a2-full-cream-milk-1000-ml",
      "supplierProducts": [
        {
          "supplierProductId": 1426,
          "supplierCode": "COLES",
          "supplierName": "Coles",
          "price": 2.8,
          "discount": 0,
          "percentDiscount": 0,
          "perGroupQuantity": 0,
          "perGroupPrice": 0,
          "weightDefinition": "ml",
          "cupPrice": 2.8,
          "cupDefinition": "per L",
          "cupWeight": 1000,
          "cupString": "per L",
          "available": true
        },
        {
          "supplierProductId": 25562,
          "supplierCode": "WOOLIES",
          "supplierName": "Woolworths",
          "price": 2.8,
          "discount": 0,
          "percentDiscount": 0,
          "perGroupQuantity": 0,
          "perGroupPrice": 0,
          "weightDefinition": "ml",
          "cupPrice": 2.8,
          "cupDefinition": "per L",
          "cupWeight": 1000,
          "cupString": "per L",
          "available": true
        }
      ]
    },
    {
      "id": 1432,
      "category": "Dairy & Eggs",
      "category1": null,
      "category2": "Milk",
      "category3": "Full Cream Milk",
      "category4": null,
      "category1Url": null,
      "category2Url": null,
      "category3Url": null,
      "category4Url": null,
      "name": "Organic Full Cream Milk Carton",
      "brand": "Coles",
      "brandAndName": "Coles Organic Full Cream Milk Carton ",
      "volumeSize": "1L",
      "imageFileName": "1432.jpg",
      "collected": null,
      "available": null,
      "disableFromView": null,
      "preferredSupplier": null,
      "disableFromListory": null,
      "url": "coles-organic-full-cream-milk-carton-1000-ml",
      "supplierProducts": [
        {
          "supplierProductId": 1432,
          "supplierCode": "COLES",
          "supplierName": "Coles",
          "price": 2.2,
          "discount": 0,
          "percentDiscount": 0,
          "perGroupQuantity": 0,
          "perGroupPrice": 0,
          "weightDefinition": "ml",
          "cupPrice": 2.2,
          "cupDefinition": "per L",
          "cupWeight": 1000,
          "cupString": "per L",
          "available": true
        }
      ]
    },
    {
      "id": 1439,
      "category": "Dairy & Eggs",
      "category1": null,
      "category2": "Milk",
      "category3": "Full Cream Milk",
      "category4": null,
      "category1Url": null,
      "category2Url": null,
      "category3Url": null,
      "category4Url": null,
      "name": "Full Cream Milk Carton",
      "brand": "Dairy Farmers",
      "brandAndName": "Dairy Farmers Full Cream Milk Carton ",
      "volumeSize": "600ml",
      "imageFileName": "1439.jpg",
      "collected": null,
      "available": null,
      "disableFromView": null,
      "preferredSupplier": null,
      "disableFromListory": null,
      "url": "dairy-farmers-full-cream-milk-carton-600-ml",
      "supplierProducts": [
        {
          "supplierProductId": 1439,
          "supplierCode": "COLES",
          "supplierName": "Coles",
          "price": 1.42,
          "discount": 0,
          "percentDiscount": 0,
          "perGroupQuantity": 0,
          "perGroupPrice": 0,
          "weightDefinition": "ml",
          "cupPrice": 2.37,
          "cupDefinition": "per L",
          "cupWeight": 600,
          "cupString": "per L",
          "available": true
        }
      ]
    },
    {
      "id": 1443,
      "category": "Dairy & Eggs",
      "category1": null,
      "category2": "Milk",
      "category3": "Full Cream Milk",
      "category4": null,
      "category1Url": null,
      "category2Url": null,
      "category3Url": null,
      "category4Url": null,
      "name": "Organic Full Cream Milk Carton",
      "brand": "Parmalat",
      "brandAndName": "Parmalat Organic Full Cream Milk Carton ",
      "volumeSize": "1L",
      "imageFileName": "1443.jpg",
      "collected": null,
      "available": null,
      "disableFromView": null,
      "preferredSupplier": null,
      "disableFromListory": null,
      "url": "parmalat-organic-full-cream-milk-carton-1000-ml",
      "supplierProducts": [
        {
          "supplierProductId": 1443,
          "supplierCode": "COLES",
          "supplierName": "Coles",
          "price": 3.2,
          "discount": 0,
          "percentDiscount": 0,
          "perGroupQuantity": 0,
          "perGroupPrice": 0,
          "weightDefinition": "ml",
          "cupPrice": 3.2,
          "cupDefinition": "per L",
          "cupWeight": 1000,
          "cupString": "per L",
          "available": true
        }
      ]
    },
    {
      "id": 1456,
      "category": "Dairy & Eggs",
      "category1": null,
      "category2": "Milk",
      "category3": "Full Cream Milk",
      "category4": null,
      "category1Url": null,
      "category2Url": null,
      "category3Url": null,
      "category4Url": null,
      "name": "High Protein Full Cream Milk",
      "brand": "The Complete Dairy",
      "brandAndName": "The Complete Dairy High Protein Full Cream Milk ",
      "volumeSize": "1L",
      "imageFileName": "25581.jpg",
      "collected": null,
      "available": null,
      "disableFromView": null,
      "preferredSupplier": null,
      "disableFromListory": null,
      "url": "the-complete-dairy-high-protein-full-cream-milk-1000-ml",
      "supplierProducts": [
        {
          "supplierProductId": 1456,
          "supplierCode": "COLES",
          "supplierName": "Coles",
          "price": 3,
          "discount": 0,
          "percentDiscount": 0,
          "perGroupQuantity": null,
          "perGroupPrice": null,
          "weightDefinition": "ml",
          "cupPrice": 3,
          "cupDefinition": "per L",
          "cupWeight": 1000,
          "cupString": "per L",
          "available": true
        }
      ]
    },
    {
      "id": 1463,
      "category": "Dairy & Eggs",
      "category1": null,
      "category2": "Milk",
      "category3": "Full Cream Milk",
      "category4": null,
      "category1Url": null,
      "category2Url": null,
      "category3Url": null,
      "category4Url": null,
      "name": "Full Cream Milk Carton",
      "brand": "Coles",
      "brandAndName": "Coles Full Cream Milk Carton ",
      "volumeSize": "600ml",
      "imageFileName": "1463.jpg",
      "collected": null,
      "available": null,
      "disableFromView": null,
      "preferredSupplier": null,
      "disableFromListory": null,
      "url": "coles-full-cream-milk-carton-600-ml",
      "supplierProducts": [
        {
          "supplierProductId": 1463,
          "supplierCode": "COLES",
          "supplierName": "Coles",
          "price": 1.1,
          "discount": 0,
          "percentDiscount": 0,
          "perGroupQuantity": 0,
          "perGroupPrice": 0,
          "weightDefinition": "ml",
          "cupPrice": 1.83,
          "cupDefinition": "per L",
          "cupWeight": 600,
          "cupString": "per L",
          "available": true
        }
      ]
    },
    {
      "id": 17019,
      "category": "Dairy & Eggs",
      "category1": null,
      "category2": "Milk",
      "category3": "Full Cream Milk",
      "category4": null,
      "category1Url": null,
      "category2Url": null,
      "category3Url": null,
      "category4Url": null,
      "name": "Full Cream Milk",
      "brand": "Coles",
      "brandAndName": "Coles Full Cream Milk ",
      "volumeSize": "3L",
      "imageFileName": "17019.jpg",
      "collected": null,
      "available": null,
      "disableFromView": null,
      "preferredSupplier": null,
      "disableFromListory": null,
      "url": "coles-full-cream-milk-3000-ml",
      "supplierProducts": [
        {
          "supplierProductId": 17019,
          "supplierCode": "COLES",
          "supplierName": "Coles",
          "price": 3,
          "discount": 0,
          "percentDiscount": 0,
          "perGroupQuantity": null,
          "perGroupPrice": null,
          "weightDefinition": "ml",
          "cupPrice": 1,
          "cupDefinition": "per L",
          "cupWeight": 3000,
          "cupString": "per L",
          "available": true
        }
      ]
    },
    {
      "id": 18179,
      "category": "Dairy & Eggs",
      "category1": null,
      "category2": "Milk",
      "category3": "Full Cream Milk",
      "category4": null,
      "category1Url": null,
      "category2Url": null,
      "category3Url": null,
      "category4Url": null,
      "name": "Full Cream Milk",
      "brand": "Pauls",
      "brandAndName": "Pauls Full Cream Milk ",
      "volumeSize": "2L",
      "imageFileName": "25578.jpg",
      "collected": null,
      "available": null,
      "disableFromView": null,
      "preferredSupplier": null,
      "disableFromListory": null,
      "url": "pauls-full-cream-milk-2000-ml",
      "supplierProducts": [
        {
          "supplierProductId": 25578,
          "supplierCode": "WOOLIES",
          "supplierName": "Woolworths",
          "price": 3.45,
          "discount": 0,
          "percentDiscount": 0,
          "perGroupQuantity": 2,
          "perGroupPrice": 5,
          "weightDefinition": "ml",
          "cupPrice": 1.72,
          "cupDefinition": "per L",
          "cupWeight": 2000,
          "cupString": "per L",
          "available": true
        }
      ]
    },
    {
      "id": 18204,
      "category": "Dairy & Eggs",
      "category1": null,
      "category2": "Milk",
      "category3": "Full Cream Milk",
      "category4": null,
      "category1Url": null,
      "category2Url": null,
      "category3Url": null,
      "category4Url": null,
      "name": "Homogenised Milk",
      "brand": "Farmhouse Gold",
      "brandAndName": "Farmhouse Gold Homogenised Milk ",
      "volumeSize": "1.5L",
      "imageFileName": null,
      "collected": null,
      "available": null,
      "disableFromView": null,
      "preferredSupplier": null,
      "disableFromListory": null,
      "url": "farmhouse-gold-homogenised-milk-1500-ml",
      "supplierProducts": [
        {
          "supplierProductId": 18204,
          "supplierCode": "COLES",
          "supplierName": "Coles",
          "price": 3,
          "discount": 0,
          "percentDiscount": 0,
          "perGroupQuantity": null,
          "perGroupPrice": null,
          "weightDefinition": "ml",
          "cupPrice": 2,
          "cupDefinition": "per L",
          "cupWeight": 1500,
          "cupString": "per L",
          "available": true
        }
      ]
    },
    {
      "id": 25566,
      "category": "Dairy & Eggs",
      "category1": null,
      "category2": "Milk",
      "category3": "Full Cream Milk",
      "category4": null,
      "category1Url": null,
      "category2Url": null,
      "category3Url": null,
      "category4Url": null,
      "name": "Permeate Free Full Cream Milk",
      "brand": "Dairy Farmers",
      "brandAndName": "Dairy Farmers Permeate Free Full Cream Milk ",
      "volumeSize": "2L",
      "imageFileName": "25566.jpg",
      "collected": null,
      "available": null,
      "disableFromView": null,
      "preferredSupplier": null,
      "disableFromListory": null,
      "url": "dairy-farmers-permeate-free-full-cream-milk-2000-ml",
      "supplierProducts": [
        {
          "supplierProductId": 25566,
          "supplierCode": "WOOLIES",
          "supplierName": "Woolworths",
          "price": 3,
          "discount": 0,
          "percentDiscount": 0,
          "perGroupQuantity": null,
          "perGroupPrice": null,
          "weightDefinition": "ml",
          "cupPrice": 1.5,
          "cupDefinition": "per L",
          "cupWeight": 2000,
          "cupString": "per L",
          "available": true
        }
      ]
    },
    {
      "id": 25568,
      "category": "Dairy & Eggs",
      "category1": null,
      "category2": "Milk",
      "category3": "Full Cream Milk",
      "category4": null,
      "category1Url": null,
      "category2Url": null,
      "category3Url": null,
      "category4Url": null,
      "name": "Full Cream Milk",
      "brand": "Farmers' Own",
      "brandAndName": "Farmers' Own Full Cream Milk ",
      "volumeSize": "1L",
      "imageFileName": null,
      "collected": null,
      "available": null,
      "disableFromView": null,
      "preferredSupplier": null,
      "disableFromListory": null,
      "url": "farmers-own-full-cream-milk-1000-ml",
      "supplierProducts": [
        {
          "supplierProductId": 25568,
          "supplierCode": "WOOLIES",
          "supplierName": "Woolworths",
          "price": 2,
          "discount": 0,
          "percentDiscount": 0,
          "perGroupQuantity": null,
          "perGroupPrice": null,
          "weightDefinition": "ml",
          "cupPrice": 2,
          "cupDefinition": "per L",
          "cupWeight": 1000,
          "cupString": "per L",
          "available": true
        }
      ]
    },
    {
      "id": 25569,
      "category": "Dairy & Eggs",
      "category1": null,
      "category2": "Milk",
      "category3": "Full Cream Milk",
      "category4": null,
      "category1Url": null,
      "category2Url": null,
      "category3Url": null,
      "category4Url": null,
      "name": "Full Cream Homogenised",
      "brand": "Farmers' Own",
      "brandAndName": "Farmers' Own Full Cream Homogenised ",
      "volumeSize": "2L",
      "imageFileName": "25569.jpg",
      "collected": null,
      "available": null,
      "disableFromView": null,
      "preferredSupplier": null,
      "disableFromListory": null,
      "url": "farmers-own-full-cream-homogenised-2000-ml",
      "supplierProducts": [
        {
          "supplierProductId": 25569,
          "supplierCode": "WOOLIES",
          "supplierName": "Woolworths",
          "price": 3,
          "discount": 0,
          "percentDiscount": 0,
          "perGroupQuantity": null,
          "perGroupPrice": null,
          "weightDefinition": "ml",
          "cupPrice": 1.5,
          "cupDefinition": "per L",
          "cupWeight": 2000,
          "cupString": "per L",
          "available": true
        }
      ]
    },
    {
      "id": 25570,
      "category": "Dairy & Eggs",
      "category1": null,
      "category2": "Milk",
      "category3": "Full Cream Milk",
      "category4": null,
      "category1Url": null,
      "category2Url": null,
      "category3Url": null,
      "category4Url": null,
      "name": "Full Cream Milk",
      "brand": "Farmers' Own",
      "brandAndName": "Farmers' Own Full Cream Milk ",
      "volumeSize": "3L",
      "imageFileName": "25570.jpg",
      "collected": null,
      "available": null,
      "disableFromView": null,
      "preferredSupplier": null,
      "disableFromListory": null,
      "url": "farmers-own-full-cream-milk-3000-ml",
      "supplierProducts": [
        {
          "supplierProductId": 25570,
          "supplierCode": "WOOLIES",
          "supplierName": "Woolworths",
          "price": 4.5,
          "discount": 0,
          "percentDiscount": 0,
          "perGroupQuantity": null,
          "perGroupPrice": null,
          "weightDefinition": "ml",
          "cupPrice": 1.5,
          "cupDefinition": "per L",
          "cupWeight": 3000,
          "cupString": "per L",
          "available": true
        }
      ]
    },
    {
      "id": 25571,
      "category": "Dairy & Eggs",
      "category1": null,
      "category2": "Milk",
      "category3": "Full Cream Milk",
      "category4": null,
      "category1Url": null,
      "category2Url": null,
      "category3Url": null,
      "category4Url": null,
      "name": "Full Cream Milk Unhomogenised",
      "brand": "Farmers' Own",
      "brandAndName": "Farmers' Own Full Cream Milk Unhomogenised ",
      "volumeSize": "2L",
      "imageFileName": "25571.jpg",
      "collected": null,
      "available": null,
      "disableFromView": null,
      "preferredSupplier": null,
      "disableFromListory": null,
      "url": "farmers-own-full-cream-milk-unhomogenised-2000-ml",
      "supplierProducts": [
        {
          "supplierProductId": 25571,
          "supplierCode": "WOOLIES",
          "supplierName": "Woolworths",
          "price": 3,
          "discount": 0,
          "percentDiscount": 0,
          "perGroupQuantity": null,
          "perGroupPrice": null,
          "weightDefinition": "ml",
          "cupPrice": 1.5,
          "cupDefinition": "per L",
          "cupWeight": 2000,
          "cupString": "per L",
          "available": true
        }
      ]
    },
    {
      "id": 25572,
      "category": "Dairy & Eggs",
      "category1": null,
      "category2": "Milk",
      "category3": "Full Cream Milk",
      "category4": null,
      "category1Url": null,
      "category2Url": null,
      "category3Url": null,
      "category4Url": null,
      "name": "Unhomogenised Full Cream Milk",
      "brand": "Farmers' Own",
      "brandAndName": "Farmers' Own Unhomogenised Full Cream Milk ",
      "volumeSize": "3L",
      "imageFileName": "25572.jpg",
      "collected": null,
      "available": null,
      "disableFromView": null,
      "preferredSupplier": null,
      "disableFromListory": null,
      "url": "farmers-own-unhomogenised-full-cream-milk-3000-ml",
      "supplierProducts": [
        {
          "supplierProductId": 25572,
          "supplierCode": "WOOLIES",
          "supplierName": "Woolworths",
          "price": 4.5,
          "discount": 0,
          "percentDiscount": 0,
          "perGroupQuantity": null,
          "perGroupPrice": null,
          "weightDefinition": "ml",
          "cupPrice": 1.5,
          "cupDefinition": "per L",
          "cupWeight": 3000,
          "cupString": "per L",
          "available": true
        }
      ]
    },
    {
      "id": 25577,
      "category": "Dairy & Eggs",
      "category1": null,
      "category2": "Milk",
      "category3": "Full Cream Milk",
      "category4": null,
      "category1Url": null,
      "category2Url": null,
      "category3Url": null,
      "category4Url": null,
      "name": "Full Cream Milk",
      "brand": "Pauls",
      "brandAndName": "Pauls Full Cream Milk ",
      "volumeSize": "300ml",
      "imageFileName": "25577.jpg",
      "collected": null,
      "available": null,
      "disableFromView": null,
      "preferredSupplier": null,
      "disableFromListory": null,
      "url": "pauls-full-cream-milk-300-ml",
      "supplierProducts": [
        {
          "supplierProductId": 25577,
          "supplierCode": "WOOLIES",
          "supplierName": "Woolworths",
          "price": 1,
          "discount": 0,
          "percentDiscount": 0,
          "perGroupQuantity": null,
          "perGroupPrice": null,
          "weightDefinition": "ml",
          "cupPrice": 3.33,
          "cupDefinition": "per L",
          "cupWeight": 300,
          "cupString": "per L",
          "available": true
        }
      ]
    },
    {
      "id": 25580,
      "category": "Dairy & Eggs",
      "category1": null,
      "category2": "Milk",
      "category3": "Full Cream Milk",
      "category4": null,
      "category1Url": null,
      "category2Url": null,
      "category3Url": null,
      "category4Url": null,
      "name": "Full Cream Milk",
      "brand": "Riverina",
      "brandAndName": "Riverina Full Cream Milk ",
      "volumeSize": "2L",
      "imageFileName": "25580.jpg",
      "collected": null,
      "available": null,
      "disableFromView": null,
      "preferredSupplier": null,
      "disableFromListory": null,
      "url": "riverina-full-cream-milk-2000-ml",
      "supplierProducts": [
        {
          "supplierProductId": 25580,
          "supplierCode": "WOOLIES",
          "supplierName": "Woolworths",
          "price": 3,
          "discount": 0,
          "percentDiscount": 0,
          "perGroupQuantity": null,
          "perGroupPrice": null,
          "weightDefinition": "ml",
          "cupPrice": 1.5,
          "cupDefinition": "per L",
          "cupWeight": 2000,
          "cupString": "per L",
          "available": true
        }
      ]
    },
    {
      "id": 25611,
      "category": "Dairy & Eggs",
      "category1": null,
      "category2": "Milk",
      "category3": "Full Cream Milk",
      "category4": null,
      "category1Url": null,
      "category2Url": null,
      "category3Url": null,
      "category4Url": null,
      "name": "Organic Full Cream Milk Milk",
      "brand": "Macro",
      "brandAndName": "Macro Organic Full Cream Milk Milk ",
      "volumeSize": "1L",
      "imageFileName": "25611.jpg",
      "collected": null,
      "available": null,
      "disableFromView": null,
      "preferredSupplier": null,
      "disableFromListory": null,
      "url": "macro-organic-full-cream-milk-milk-1000-ml",
      "supplierProducts": [
        {
          "supplierProductId": 25611,
          "supplierCode": "WOOLIES",
          "supplierName": "Woolworths",
          "price": 2.2,
          "discount": 0,
          "percentDiscount": 0,
          "perGroupQuantity": null,
          "perGroupPrice": null,
          "weightDefinition": "ml",
          "cupPrice": 2.2,
          "cupDefinition": "per L",
          "cupWeight": 1000,
          "cupString": "per L",
          "available": true
        }
      ]
    },
    {
      "id": 25616,
      "category": "Dairy & Eggs",
      "category1": null,
      "category2": "Milk",
      "category3": "Full Cream Milk",
      "category4": null,
      "category1Url": null,
      "category2Url": null,
      "category3Url": null,
      "category4Url": null,
      "name": "Full Cream Homogenised Milk",
      "brand": "Pauls",
      "brandAndName": "Pauls Full Cream Homogenised Milk ",
      "volumeSize": "2L",
      "imageFileName": "25616.jpg",
      "collected": null,
      "available": null,
      "disableFromView": null,
      "preferredSupplier": null,
      "disableFromListory": null,
      "url": "pauls-full-cream-homogenised-milk-2000-ml",
      "supplierProducts": [
        {
          "supplierProductId": 25616,
          "supplierCode": "WOOLIES",
          "supplierName": "Woolworths",
          "price": 5.45,
          "discount": 0,
          "percentDiscount": 0,
          "perGroupQuantity": 0,
          "perGroupPrice": 0,
          "weightDefinition": "ml",
          "cupPrice": 2.72,
          "cupDefinition": "per L",
          "cupWeight": 2000,
          "cupString": "per L",
          "available": true
        }
      ]
    },
    {
      "id": 25617,
      "category": "Dairy & Eggs",
      "category1": null,
      "category2": "Milk",
      "category3": "Full Cream Milk",
      "category4": null,
      "category1Url": null,
      "category2Url": null,
      "category3Url": null,
      "category4Url": null,
      "name": "Milk Pure Organic Full Cream Milk",
      "brand": "Pauls",
      "brandAndName": "Pauls Milk Pure Organic Full Cream Milk ",
      "volumeSize": "1L",
      "imageFileName": "25617.jpg",
      "collected": null,
      "available": null,
      "disableFromView": null,
      "preferredSupplier": null,
      "disableFromListory": null,
      "url": "pauls-milk-pure-organic-full-cream-milk-1000-ml",
      "supplierProducts": [
        {
          "supplierProductId": 25617,
          "supplierCode": "WOOLIES",
          "supplierName": "Woolworths",
          "price": 3.3,
          "discount": 0,
          "percentDiscount": 0,
          "perGroupQuantity": null,
          "perGroupPrice": null,
          "weightDefinition": "ml",
          "cupPrice": 3.3,
          "cupDefinition": "per L",
          "cupWeight": 1000,
          "cupString": "per L",
          "available": true
        }
      ]
    },
    {
      "id": 90087,
      "category": "Dairy & Eggs",
      "category1": null,
      "category2": "Milk",
      "category3": "Full Cream Milk",
      "category4": null,
      "category1Url": null,
      "category2Url": null,
      "category3Url": null,
      "category4Url": null,
      "name": "Full Cream Milk",
      "brand": "Woolworths Select",
      "brandAndName": "Woolworths Select Full Cream Milk ",
      "volumeSize": "2L",
      "imageFileName": "25583.jpg",
      "collected": null,
      "available": null,
      "disableFromView": null,
      "preferredSupplier": null,
      "disableFromListory": null,
      "url": "woolworths-select-full-cream-milk-2000-ml",
      "supplierProducts": [
        {
          "supplierProductId": 25583,
          "supplierCode": "WOOLIES",
          "supplierName": "Woolworths",
          "price": 2,
          "discount": 0,
          "percentDiscount": 0,
          "perGroupQuantity": 0,
          "perGroupPrice": 0,
          "weightDefinition": "ml",
          "cupPrice": 1,
          "cupDefinition": "per L",
          "cupWeight": 2000,
          "cupString": "per L",
          "available": true
        }
      ]
    },
    {
      "id": 90088,
      "category": "Dairy & Eggs",
      "category1": null,
      "category2": "Milk",
      "category3": "Full Cream Milk",
      "category4": null,
      "category1Url": null,
      "category2Url": null,
      "category3Url": null,
      "category4Url": null,
      "name": "Full Cream Milk",
      "brand": "Woolworths Select",
      "brandAndName": "Woolworths Select Full Cream Milk ",
      "volumeSize": "3L",
      "imageFileName": "25584.jpg",
      "collected": null,
      "available": null,
      "disableFromView": null,
      "preferredSupplier": null,
      "disableFromListory": null,
      "url": "woolworths-select-full-cream-milk-3000-ml",
      "supplierProducts": [
        {
          "supplierProductId": 25584,
          "supplierCode": "WOOLIES",
          "supplierName": "Woolworths",
          "price": 3,
          "discount": 0,
          "percentDiscount": 0,
          "perGroupQuantity": 0,
          "perGroupPrice": 0,
          "weightDefinition": "ml",
          "cupPrice": 1,
          "cupDefinition": "per L",
          "cupWeight": 3000,
          "cupString": "per L",
          "available": true
        }
      ]
    },
    {
      "id": 90090,
      "category": "Dairy & Eggs",
      "category1": null,
      "category2": "Milk",
      "category3": "Full Cream Milk",
      "category4": null,
      "category1Url": null,
      "category2Url": null,
      "category3Url": null,
      "category4Url": null,
      "name": "Full Cream Milk",
      "brand": "Woolworths Select",
      "brandAndName": "Woolworths Select Full Cream Milk ",
      "volumeSize": "1L",
      "imageFileName": "25582.jpg",
      "collected": null,
      "available": null,
      "disableFromView": null,
      "preferredSupplier": null,
      "disableFromListory": null,
      "url": "woolworths-select-full-cream-milk-1000-ml",
      "supplierProducts": [
        {
          "supplierProductId": 25582,
          "supplierCode": "WOOLIES",
          "supplierName": "Woolworths",
          "price": 1.2,
          "discount": 0,
          "percentDiscount": 0,
          "perGroupQuantity": null,
          "perGroupPrice": null,
          "weightDefinition": "ml",
          "cupPrice": 1.2,
          "cupDefinition": "per L",
          "cupWeight": 1000,
          "cupString": "per L",
          "available": true
        }
      ]
    }
  ],
  "isLastPage": true,
  "ageRestriction": null,
  "postcode": 411,
  "hasDOB": false,
  "underAge": false,
  "filters": [
    {
      "code": "BRAND",
      "metaDatas": [
        {
          "name": "A2",
          "url": null,
          "count": 2,
          "id": null,
          "parentId": null,
          "level": null
        },
        {
          "name": "Coles",
          "url": null,
          "count": 5,
          "id": null,
          "parentId": null,
          "level": null
        },
        {
          "name": "Dairy Farmers",
          "url": null,
          "count": 5,
          "id": null,
          "parentId": null,
          "level": null
        },
        {
          "name": "Devondale",
          "url": null,
          "count": 2,
          "id": null,
          "parentId": null,
          "level": null
        },
        {
          "name": "Farmers' Own",
          "url": null,
          "count": 5,
          "id": null,
          "parentId": null,
          "level": null
        },
        {
          "name": "Farmhouse Gold",
          "url": null,
          "count": 1,
          "id": null,
          "parentId": null,
          "level": null
        },
        {
          "name": "Green Pastures",
          "url": null,
          "count": 1,
          "id": null,
          "parentId": null,
          "level": null
        },
        {
          "name": "Macro",
          "url": null,
          "count": 1,
          "id": null,
          "parentId": null,
          "level": null
        },
        {
          "name": "Parmalat",
          "url": null,
          "count": 2,
          "id": null,
          "parentId": null,
          "level": null
        },
        {
          "name": "Pauls",
          "url": null,
          "count": 5,
          "id": null,
          "parentId": null,
          "level": null
        },
        {
          "name": "Riverina",
          "url": null,
          "count": 1,
          "id": null,
          "parentId": null,
          "level": null
        },
        {
          "name": "The Complete Dairy",
          "url": null,
          "count": 1,
          "id": null,
          "parentId": null,
          "level": null
        },
        {
          "name": "Woolworths Select",
          "url": null,
          "count": 3,
          "id": null,
          "parentId": null,
          "level": null
        }
      ]
    },
    {
      "code": "CATEGORY1",
      "metaDatas": [
        {
          "name": "Dairy & Eggs",
          "url": "dairy-eggs",
          "count": 34,
          "id": 40138,
          "parentId": null,
          "level": 1
        }
      ]
    },
    {
      "code": "CATEGORY2",
      "metaDatas": [
        {
          "name": "Milk",
          "url": "milk",
          "count": 34,
          "id": 40251,
          "parentId": 40138,
          "level": 2
        }
      ]
    },
    {
      "code": "CATEGORY3",
      "metaDatas": [
        {
          "name": "Full Cream Milk",
          "url": "full-cream-milk",
          "count": 34,
          "id": 40264,
          "parentId": 40251,
          "level": 2
        }
      ]
    },
    {
      "code": "VOLUMESIZE",
      "metaDatas": [
        {
          "name": "1000ml ",
          "url": null,
          "count": 10,
          "id": null,
          "parentId": null,
          "level": 0
        },
        {
          "name": "1500ml ",
          "url": null,
          "count": 1,
          "id": null,
          "parentId": null,
          "level": 0
        },
        {
          "name": "2000ml ",
          "url": null,
          "count": 14,
          "id": null,
          "parentId": null,
          "level": 0
        },
        {
          "name": "3000ml ",
          "url": null,
          "count": 6,
          "id": null,
          "parentId": null,
          "level": 0
        },
        {
          "name": "300ml ",
          "url": null,
          "count": 1,
          "id": null,
          "parentId": null,
          "level": 0
        },
        {
          "name": "600ml ",
          "url": null,
          "count": 2,
          "id": null,
          "parentId": null,
          "level": 0
        }
      ]
    }
  ]
}
