{
  "hits": 63,
  "items": [
    {
      "id": 16354,
      "category": "Baby",
      "category1": null,
      "category2": "Baby Food",
      "category3": "For Babys 8+ Months",
      "category4": null,
      "category1Url": null,
      "category2Url": null,
      "category3Url": null,
      "category4Url": null,
      "name": "Cerelac Multigrain with Pear Baby Cereal From 8 Months",
      "brand": "Nestle",
      "brandAndName": "Nestle Cerelac Multigrain with Pear Baby Cereal From 8 Months ",
      "volumeSize": "200g",
      "imageFileName": "16354.jpg",
      "collected": null,
      "available": null,
      "disableFromView": null,
      "preferredSupplier": null,
      "disableFromListory": null,
      "url": "nestle-cerelac-multigrain-with-pear-baby-cereal-from-8-months-200-g",
      "supplierProducts": [
        {
          "supplierProductId": 16354,
          "supplierCode": "COLES",
          "supplierName": "Coles",
          "price": 4.58,
          "discount": 0,
          "percentDiscount": 0,
          "perGroupQuantity": null,
          "perGroupPrice": null,
          "weightDefinition": "g",
          "cupPrice": 22.9,
          "cupDefinition": "per kg",
          "cupWeight": 200,
          "cupString": "per kg",
          "available": true
        }
      ]
    },
    {
      "id": 16355,
      "category": "Baby",
      "category1": null,
      "category2": "Baby Food",
      "category3": "For Babys 4+ Months",
      "category4": null,
      "category1Url": null,
      "category2Url": null,
      "category3Url": null,
      "category4Url": null,
      "name": "Cerelac Rice Baby Cereal From 4 Months",
      "brand": "Nestle",
      "brandAndName": "Nestle Cerelac Rice Baby Cereal From 4 Months ",
      "volumeSize": "200g",
      "imageFileName": "39569.jpg",
      "collected": null,
      "available": null,
      "disableFromView": null,
      "preferredSupplier": null,
      "disableFromListory": null,
      "url": "nestle-cerelac-rice-baby-cereal-from-4-months-200-g",
      "supplierProducts": [
        {
          "supplierProductId": 16355,
          "supplierCode": "COLES",
          "supplierName": "Coles",
          "price": 4.6,
          "discount": 0,
          "percentDiscount": 0,
          "perGroupQuantity": null,
          "perGroupPrice": null,
          "weightDefinition": "g",
          "cupPrice": 23,
          "cupDefinition": "per kg",
          "cupWeight": 200,
          "cupString": "per kg",
          "available": true
        }
      ]
    },
    {
      "id": 16356,
      "category": "Baby",
      "category1": null,
      "category2": "Baby Food",
      "category3": "For Babys 6+ Months",
      "category4": null,
      "category1Url": null,
      "category2Url": null,
      "category3Url": null,
      "category4Url": null,
      "name": "Cerelac Wheat Baby Cereal From 6 Months",
      "brand": "Nestle",
      "brandAndName": "Nestle Cerelac Wheat Baby Cereal From 6 Months ",
      "volumeSize": "200g",
      "imageFileName": "16356.jpg",
      "collected": null,
      "available": null,
      "disableFromView": null,
      "preferredSupplier": null,
      "disableFromListory": null,
      "url": "nestle-cerelac-wheat-baby-cereal-from-6-months-200-g",
      "supplierProducts": [
        {
          "supplierProductId": 16356,
          "supplierCode": "COLES",
          "supplierName": "Coles",
          "price": 4.6,
          "discount": 0,
          "percentDiscount": 0,
          "perGroupQuantity": null,
          "perGroupPrice": null,
          "weightDefinition": "g",
          "cupPrice": 23,
          "cupDefinition": "per kg",
          "cupWeight": 200,
          "cupString": "per kg",
          "available": true
        }
      ]
    },
    {
      "id": 16369,
      "category": "Baby",
      "category1": null,
      "category2": "Baby Food",
      "category3": "For Babys 6+ Months",
      "category4": null,
      "category1Url": null,
      "category2Url": null,
      "category3Url": null,
      "category4Url": null,
      "name": "Cerelac Oats with Prune Baby Cereal From 6 Months",
      "brand": "Nestle",
      "brandAndName": "Nestle Cerelac Oats with Prune Baby Cereal From 6 Months ",
      "volumeSize": "200g",
      "imageFileName": "39493.jpg",
      "collected": null,
      "available": null,
      "disableFromView": null,
      "preferredSupplier": null,
      "disableFromListory": null,
      "url": "nestle-cerelac-oats-with-prune-baby-cereal-from-6-months-200-g",
      "supplierProducts": [
        {
          "supplierProductId": 16369,
          "supplierCode": "COLES",
          "supplierName": "Coles",
          "price": 4.45,
          "discount": 0,
          "percentDiscount": 0,
          "perGroupQuantity": null,
          "perGroupPrice": null,
          "weightDefinition": "g",
          "cupPrice": 22.25,
          "cupDefinition": "per kg",
          "cupWeight": 200,
          "cupString": "per kg",
          "available": true
        }
      ]
    },
    {
      "id": 16381,
      "category": "Baby",
      "category1": null,
      "category2": "Baby Food",
      "category3": "For Babys 12+ Months",
      "category4": null,
      "category1Url": null,
      "category2Url": null,
      "category3Url": null,
      "category4Url": null,
      "name": "Little Kids Apple Blueberry Cereal Bar Toddler Snacks 1-3 Years",
      "brand": "Heinz",
      "brandAndName": "Heinz Little Kids Apple Blueberry Cereal Bar Toddler Snacks 1-3 Years ",
      "volumeSize": "15g x 6 pack",
      "imageFileName": "39441.jpg",
      "collected": null,
      "available": null,
      "disableFromView": null,
      "preferredSupplier": null,
      "disableFromListory": null,
      "url": "heinz-little-kids-apple-blueberry-cereal-bar-toddler-snacks-1-3-years-6-pack-15-g",
      "supplierProducts": [
        {
          "supplierProductId": 16381,
          "supplierCode": "COLES",
          "supplierName": "Coles",
          "price": 4,
          "discount": 0,
          "percentDiscount": 0,
          "perGroupQuantity": null,
          "perGroupPrice": null,
          "weightDefinition": "g",
          "cupPrice": 44.44,
          "cupDefinition": "per kg",
          "cupWeight": 15,
          "cupString": "per kg",
          "available": true
        },
        {
          "supplierProductId": 39441,
          "supplierCode": "WOOLIES",
          "supplierName": "Woolworths",
          "price": 4,
          "discount": 0,
          "percentDiscount": 0,
          "perGroupQuantity": null,
          "perGroupPrice": null,
          "weightDefinition": "g",
          "cupPrice": 44.44,
          "cupDefinition": "per kg",
          "cupWeight": 15,
          "cupString": "per kg",
          "available": true
        }
      ]
    },
    {
      "id": 16383,
      "category": "Baby",
      "category1": null,
      "category2": "Baby Food",
      "category3": "For Babys 12+ Months",
      "category4": null,
      "category1Url": null,
      "category2Url": null,
      "category3Url": null,
      "category4Url": null,
      "name": "Little Kids Wholegrain Cereal Bars Toddler Snacks 1-3 Years Months",
      "brand": "Heinz",
      "brandAndName": "Heinz Little Kids Wholegrain Cereal Bars Toddler Snacks 1-3 Years Months ",
      "volumeSize": "90g",
      "imageFileName": "16383.jpg",
      "collected": null,
      "available": null,
      "disableFromView": null,
      "preferredSupplier": null,
      "disableFromListory": null,
      "url": "heinz-little-kids-wholegrain-cereal-bars-toddler-snacks-1-3-years-months-1-each-90-g",
      "supplierProducts": [
        {
          "supplierProductId": 16383,
          "supplierCode": "COLES",
          "supplierName": "Coles",
          "price": 4,
          "discount": 0,
          "percentDiscount": 0,
          "perGroupQuantity": null,
          "perGroupPrice": null,
          "weightDefinition": "g",
          "cupPrice": 44.44,
          "cupDefinition": "per kg",
          "cupWeight": 90,
          "cupString": "per kg",
          "available": true
        }
      ]
    },
    {
      "id": 20505,
      "category": "Packaged & Ready Meals",
      "category1": null,
      "category2": "Breakfast & Cereals",
      "category3": "Cereals",
      "category4": null,
      "category1Url": null,
      "category2Url": null,
      "category3Url": null,
      "category4Url": null,
      "name": "Honey Puffed Wheat Cereal",
      "brand": "Coles",
      "brandAndName": "Coles Honey Puffed Wheat Cereal ",
      "volumeSize": "325g",
      "imageFileName": null,
      "collected": null,
      "available": null,
      "disableFromView": null,
      "preferredSupplier": null,
      "disableFromListory": null,
      "url": "coles-honey-puffed-wheat-cereal-325-g",
      "supplierProducts": [
        {
          "supplierProductId": 20505,
          "supplierCode": "COLES",
          "supplierName": "Coles",
          "price": 2.4,
          "discount": 0,
          "percentDiscount": 0,
          "perGroupQuantity": null,
          "perGroupPrice": null,
          "weightDefinition": "g",
          "cupPrice": 7.38,
          "cupDefinition": "per kg",
          "cupWeight": 325,
          "cupString": "per kg",
          "available": true
        }
      ]
    },
    {
      "id": 20519,
      "category": "Packaged & Ready Meals",
      "category1": null,
      "category2": "Breakfast & Cereals",
      "category3": "Muesli",
      "category4": null,
      "category1Url": null,
      "category2Url": null,
      "category3Url": null,
      "category4Url": null,
      "name": "Fabulous High Fibre Muesli",
      "brand": "Dorset Cereals",
      "brandAndName": "Dorset Cereals Fabulous High Fibre Muesli ",
      "volumeSize": "540g",
      "imageFileName": "30556.jpg",
      "collected": null,
      "available": null,
      "disableFromView": null,
      "preferredSupplier": null,
      "disableFromListory": null,
      "url": "dorset-cereals-fabulous-high-fibre-muesli-540-g",
      "supplierProducts": [
        {
          "supplierProductId": 30556,
          "supplierCode": "WOOLIES",
          "supplierName": "Woolworths",
          "price": 8.3,
          "discount": 0,
          "percentDiscount": 0,
          "perGroupQuantity": null,
          "perGroupPrice": null,
          "weightDefinition": "g",
          "cupPrice": 15.37,
          "cupDefinition": "per kg",
          "cupWeight": 540,
          "cupString": "per kg",
          "available": true
        }
      ]
    },
    {
      "id": 20531,
      "category": "Packaged & Ready Meals",
      "category1": null,
      "category2": "Breakfast & Cereals",
      "category3": "Rice Cereals",
      "category4": null,
      "category1Url": null,
      "category2Url": null,
      "category3Url": null,
      "category4Url": null,
      "name": "Cereal Rice Puffs",
      "brand": "Freedom Foods",
      "brandAndName": "Freedom Foods Cereal Rice Puffs ",
      "volumeSize": "250g",
      "imageFileName": "29841.jpg",
      "collected": null,
      "available": null,
      "disableFromView": null,
      "preferredSupplier": null,
      "disableFromListory": null,
      "url": "freedom-foods-cereal-rice-puffs-250-g",
      "supplierProducts": [
        {
          "supplierProductId": 29841,
          "supplierCode": "WOOLIES",
          "supplierName": "Woolworths",
          "price": 3.99,
          "discount": 0,
          "percentDiscount": 0,
          "perGroupQuantity": null,
          "perGroupPrice": null,
          "weightDefinition": "g",
          "cupPrice": 15.96,
          "cupDefinition": "per kg",
          "cupWeight": 250,
          "cupString": "per kg",
          "available": true
        }
      ]
    },
    {
      "id": 20532,
      "category": "Packaged & Ready Meals",
      "category1": null,
      "category2": "Breakfast & Cereals",
      "category3": "Apple Raisin Cereals",
      "category4": null,
      "category1Url": null,
      "category2Url": null,
      "category3Url": null,
      "category4Url": null,
      "name": "Crunchola Apple & Cinnamon Cereal",
      "brand": "Freedom Foods",
      "brandAndName": "Freedom Foods Crunchola Apple & Cinnamon Cereal ",
      "volumeSize": "600g",
      "imageFileName": "29826.jpg",
      "collected": null,
      "available": null,
      "disableFromView": null,
      "preferredSupplier": null,
      "disableFromListory": null,
      "url": "freedom-foods-crunchola-apple-and-cinnamon-cereal-600-g",
      "supplierProducts": [
        {
          "supplierProductId": 29826,
          "supplierCode": "WOOLIES",
          "supplierName": "Woolworths",
          "price": 6.49,
          "discount": 0,
          "percentDiscount": 0,
          "perGroupQuantity": null,
          "perGroupPrice": null,
          "weightDefinition": "g",
          "cupPrice": 10.82,
          "cupDefinition": "per kg",
          "cupWeight": 600,
          "cupString": "per kg",
          "available": true
        }
      ]
    },
    {
      "id": 29850,
      "category": "Packaged & Ready Meals",
      "category1": null,
      "category2": "Breakfast & Cereals",
      "category3": "Cereals with Fruit",
      "category4": null,
      "category1Url": null,
      "category2Url": null,
      "category3Url": null,
      "category4Url": null,
      "name": "Free Cereal Cacao Coconut",
      "brand": "Kez's",
      "brandAndName": "Kez's Free Cereal Cacao Coconut ",
      "volumeSize": "300g",
      "imageFileName": "29850.jpg",
      "collected": null,
      "available": null,
      "disableFromView": null,
      "preferredSupplier": null,
      "disableFromListory": null,
      "url": "kezs-free-cereal-cacao-coconut-300-g",
      "supplierProducts": [
        {
          "supplierProductId": 29850,
          "supplierCode": "WOOLIES",
          "supplierName": "Woolworths",
          "price": 8.99,
          "discount": 0,
          "percentDiscount": 0,
          "perGroupQuantity": null,
          "perGroupPrice": null,
          "weightDefinition": "g",
          "cupPrice": 29.97,
          "cupDefinition": "per kg",
          "cupWeight": 300,
          "cupString": "per kg",
          "available": true
        }
      ]
    },
    {
      "id": 29855,
      "category": "Packaged & Ready Meals",
      "category1": null,
      "category2": "Breakfast & Cereals",
      "category3": "Gluten Free Cereals",
      "category4": null,
      "category1Url": null,
      "category2Url": null,
      "category3Url": null,
      "category4Url": null,
      "name": "Cereal Gentle Fibre",
      "brand": "Macro",
      "brandAndName": "Macro Cereal Gentle Fibre ",
      "volumeSize": "500g",
      "imageFileName": "29855.jpg",
      "collected": null,
      "available": null,
      "disableFromView": null,
      "preferredSupplier": null,
      "disableFromListory": null,
      "url": "macro-cereal-gentle-fibre-500-g",
      "supplierProducts": [
        {
          "supplierProductId": 29855,
          "supplierCode": "WOOLIES",
          "supplierName": "Woolworths",
          "price": 4.99,
          "discount": 0,
          "percentDiscount": 0,
          "perGroupQuantity": null,
          "perGroupPrice": null,
          "weightDefinition": "g",
          "cupPrice": 9.98,
          "cupDefinition": "per kg",
          "cupWeight": 500,
          "cupString": "per kg",
          "available": true
        }
      ]
    },
    {
      "id": 29856,
      "category": "Dietary, Health & Lifestyle",
      "category1": null,
      "category2": "Supplements",
      "category3": "Superfoods",
      "category4": null,
      "category1Url": null,
      "category2Url": null,
      "category3Url": null,
      "category4Url": null,
      "name": "Cereal Granules Lecithin",
      "brand": "Macro",
      "brandAndName": "Macro Cereal Granules Lecithin ",
      "volumeSize": "250g",
      "imageFileName": "29856.jpg",
      "collected": null,
      "available": null,
      "disableFromView": null,
      "preferredSupplier": null,
      "disableFromListory": null,
      "url": "macro-cereal-granules-lecithin-250-g",
      "supplierProducts": [
        {
          "supplierProductId": 29856,
          "supplierCode": "WOOLIES",
          "supplierName": "Woolworths",
          "price": 5.99,
          "discount": 0,
          "percentDiscount": 0,
          "perGroupQuantity": null,
          "perGroupPrice": null,
          "weightDefinition": "g",
          "cupPrice": 23.96,
          "cupDefinition": "per kg",
          "cupWeight": 250,
          "cupString": "per kg",
          "available": true
        }
      ]
    },
    {
      "id": 29857,
      "category": "Packaged & Ready Meals",
      "category1": null,
      "category2": "Breakfast & Cereals",
      "category3": "Cereals Other",
      "category4": null,
      "category1Url": null,
      "category2Url": null,
      "category3Url": null,
      "category4Url": null,
      "name": "Cereal Linseed Sunflower Seeds & Almonds",
      "brand": "Macro",
      "brandAndName": "Macro Cereal Linseed Sunflower Seeds & Almonds ",
      "volumeSize": "250g",
      "imageFileName": "29857.jpg",
      "collected": null,
      "available": null,
      "disableFromView": null,
      "preferredSupplier": null,
      "disableFromListory": null,
      "url": "macro-cereal-linseed-sunflower-seeds-and-almonds-250-g",
      "supplierProducts": [
        {
          "supplierProductId": 29857,
          "supplierCode": "WOOLIES",
          "supplierName": "Woolworths",
          "price": 3.39,
          "discount": 0,
          "percentDiscount": 0,
          "perGroupQuantity": null,
          "perGroupPrice": null,
          "weightDefinition": "g",
          "cupPrice": 13.56,
          "cupDefinition": "per kg",
          "cupWeight": 250,
          "cupString": "per kg",
          "available": true
        }
      ]
    },
    {
      "id": 29858,
      "category": "Baking",
      "category1": null,
      "category2": "Flour",
      "category3": "Polenta",
      "category4": null,
      "category1Url": null,
      "category2Url": null,
      "category3Url": null,
      "category4Url": null,
      "name": "Cereal Polenta",
      "brand": "Macro",
      "brandAndName": "Macro Cereal Polenta ",
      "volumeSize": "450g",
      "imageFileName": "29858.jpg",
      "collected": null,
      "available": null,
      "disableFromView": null,
      "preferredSupplier": null,
      "disableFromListory": null,
      "url": "macro-cereal-polenta-450-g",
      "supplierProducts": [
        {
          "supplierProductId": 29858,
          "supplierCode": "WOOLIES",
          "supplierName": "Woolworths",
          "price": 2.5,
          "discount": 0,
          "percentDiscount": 0,
          "perGroupQuantity": 0,
          "perGroupPrice": 0,
          "weightDefinition": "g",
          "cupPrice": 5.56,
          "cupDefinition": "per kg",
          "cupWeight": 450,
          "cupString": "per kg",
          "available": true
        }
      ]
    },
    {
      "id": 29867,
      "category": "Packaged & Ready Meals",
      "category1": null,
      "category2": "Breakfast & Cereals",
      "category3": "Cereals Other",
      "category4": null,
      "category1Url": null,
      "category2Url": null,
      "category3Url": null,
      "category4Url": null,
      "name": "Organic Cereal Golden Flaxmeal",
      "brand": "Melrose",
      "brandAndName": "Melrose Organic Cereal Golden Flaxmeal ",
      "volumeSize": "500g",
      "imageFileName": "29867.jpg",
      "collected": null,
      "available": null,
      "disableFromView": null,
      "preferredSupplier": null,
      "disableFromListory": null,
      "url": "melrose-organic-cereal-golden-flaxmeal-500-g",
      "supplierProducts": [
        {
          "supplierProductId": 29867,
          "supplierCode": "WOOLIES",
          "supplierName": "Woolworths",
          "price": 5.69,
          "discount": 0,
          "percentDiscount": 0,
          "perGroupQuantity": null,
          "perGroupPrice": null,
          "weightDefinition": "g",
          "cupPrice": 11.38,
          "cupDefinition": "per kg",
          "cupWeight": 500,
          "cupString": "per kg",
          "available": true
        }
      ]
    },
    {
      "id": 29875,
      "category": "Packaged & Ready Meals",
      "category1": null,
      "category2": "Breakfast & Cereals",
      "category3": "Gluten Free Cereals",
      "category4": null,
      "category1Url": null,
      "category2Url": null,
      "category3Url": null,
      "category4Url": null,
      "name": "Free From Gluten Cereal Cornflakes",
      "brand": "Woolworths",
      "brandAndName": "Woolworths Free From Gluten Cereal Cornflakes ",
      "volumeSize": "375g",
      "imageFileName": "29875.jpg",
      "collected": null,
      "available": null,
      "disableFromView": null,
      "preferredSupplier": null,
      "disableFromListory": null,
      "url": "woolworths-free-from-gluten-cereal-cornflakes-375-g",
      "supplierProducts": [
        {
          "supplierProductId": 29875,
          "supplierCode": "WOOLIES",
          "supplierName": "Woolworths",
          "price": 3,
          "discount": 0,
          "percentDiscount": 0,
          "perGroupQuantity": null,
          "perGroupPrice": null,
          "weightDefinition": "g",
          "cupPrice": 8,
          "cupDefinition": "per kg",
          "cupWeight": 375,
          "cupString": "per kg",
          "available": true
        }
      ]
    },
    {
      "id": 30153,
      "category": "Dietary, Health & Lifestyle",
      "category1": null,
      "category2": "Bars & Snacks",
      "category3": "Health Bars",
      "category4": null,
      "category1Url": null,
      "category2Url": null,
      "category3Url": null,
      "category4Url": null,
      "name": "No Sugar Added Cereal Nuts & Seeds Bar",
      "brand": "Well Naturally",
      "brandAndName": "Well Naturally No Sugar Added Cereal Nuts & Seeds Bar ",
      "volumeSize": "35g",
      "imageFileName": "30153.jpg",
      "collected": null,
      "available": null,
      "disableFromView": null,
      "preferredSupplier": null,
      "disableFromListory": null,
      "url": "well-naturally-no-sugar-added-cereal-nuts-and-seeds-bar-35-g",
      "supplierProducts": [
        {
          "supplierProductId": 30153,
          "supplierCode": "WOOLIES",
          "supplierName": "Woolworths",
          "price": 2.75,
          "discount": 0,
          "percentDiscount": 0,
          "perGroupQuantity": null,
          "perGroupPrice": null,
          "weightDefinition": "g",
          "cupPrice": 78.57,
          "cupDefinition": "per kg",
          "cupWeight": 35,
          "cupString": "per kg",
          "available": true
        }
      ]
    },
    {
      "id": 30154,
      "category": "Dietary, Health & Lifestyle",
      "category1": null,
      "category2": "Bars & Snacks",
      "category3": "Health Bars",
      "category4": null,
      "category1Url": null,
      "category2Url": null,
      "category3Url": null,
      "category4Url": null,
      "name": "No Sugar Added Cereal Nuts Bar",
      "brand": "Well Naturally",
      "brandAndName": "Well Naturally No Sugar Added Cereal Nuts Bar ",
      "volumeSize": "35g",
      "imageFileName": "30154.jpg",
      "collected": null,
      "available": null,
      "disableFromView": null,
      "preferredSupplier": null,
      "disableFromListory": null,
      "url": "well-naturally-no-sugar-added-cereal-nuts-bar-35-g",
      "supplierProducts": [
        {
          "supplierProductId": 30154,
          "supplierCode": "WOOLIES",
          "supplierName": "Woolworths",
          "price": 2.75,
          "discount": 0,
          "percentDiscount": 0,
          "perGroupQuantity": null,
          "perGroupPrice": null,
          "weightDefinition": "g",
          "cupPrice": 78.57,
          "cupDefinition": "per kg",
          "cupWeight": 35,
          "cupString": "per kg",
          "available": true
        }
      ]
    },
    {
      "id": 30521,
      "category": "Packaged & Ready Meals",
      "category1": null,
      "category2": "Breakfast & Cereals",
      "category3": "Cereals with Fruit",
      "category4": null,
      "category1Url": null,
      "category2Url": null,
      "category3Url": null,
      "category4Url": null,
      "name": "Antioxidant Fruity Cereal",
      "brand": "Woolworths",
      "brandAndName": "Woolworths Antioxidant Fruity Cereal ",
      "volumeSize": "400g",
      "imageFileName": "30521.jpg",
      "collected": null,
      "available": null,
      "disableFromView": null,
      "preferredSupplier": null,
      "disableFromListory": null,
      "url": "woolworths-antioxidant-fruity-cereal-400-g",
      "supplierProducts": [
        {
          "supplierProductId": 30521,
          "supplierCode": "WOOLIES",
          "supplierName": "Woolworths",
          "price": 4,
          "discount": 0,
          "percentDiscount": 0,
          "perGroupQuantity": 0,
          "perGroupPrice": 0,
          "weightDefinition": "g",
          "cupPrice": 10,
          "cupDefinition": "per kg",
          "cupWeight": 400,
          "cupString": "per kg",
          "available": true
        }
      ]
    },
    {
      "id": 30527,
      "category": "Packaged & Ready Meals",
      "category1": null,
      "category2": "Breakfast & Cereals",
      "category3": "Cereals",
      "category4": null,
      "category1Url": null,
      "category2Url": null,
      "category3Url": null,
      "category4Url": null,
      "name": "Reduced Sugar Multigrain Cereal",
      "brand": "Woolworths",
      "brandAndName": "Woolworths Reduced Sugar Multigrain Cereal ",
      "volumeSize": "400g",
      "imageFileName": "30527.jpg",
      "collected": null,
      "available": null,
      "disableFromView": null,
      "preferredSupplier": null,
      "disableFromListory": null,
      "url": "woolworths-reduced-sugar-multigrain-cereal-400-g",
      "supplierProducts": [
        {
          "supplierProductId": 30527,
          "supplierCode": "WOOLIES",
          "supplierName": "Woolworths",
          "price": 4,
          "discount": 0,
          "percentDiscount": 0,
          "perGroupQuantity": 0,
          "perGroupPrice": 0,
          "weightDefinition": "g",
          "cupPrice": 10,
          "cupDefinition": "per kg",
          "cupWeight": 400,
          "cupString": "per kg",
          "available": true
        }
      ]
    },
    {
      "id": 30534,
      "category": "Packaged & Ready Meals",
      "category1": null,
      "category2": "Breakfast & Cereals",
      "category3": "Cereals",
      "category4": null,
      "category1Url": null,
      "category2Url": null,
      "category3Url": null,
      "category4Url": null,
      "name": "Omega3 Wholegrain Cereal",
      "brand": "Woolworths Select",
      "brandAndName": "Woolworths Select Omega3 Wholegrain Cereal ",
      "volumeSize": "400g",
      "imageFileName": "30534.jpg",
      "collected": null,
      "available": null,
      "disableFromView": null,
      "preferredSupplier": null,
      "disableFromListory": null,
      "url": "woolworths-select-omega3-wholegrain-cereal-400-g",
      "supplierProducts": [
        {
          "supplierProductId": 30534,
          "supplierCode": "WOOLIES",
          "supplierName": "Woolworths",
          "price": 4,
          "discount": 0,
          "percentDiscount": 0,
          "perGroupQuantity": 0,
          "perGroupPrice": 0,
          "weightDefinition": "g",
          "cupPrice": 10,
          "cupDefinition": "per kg",
          "cupWeight": 400,
          "cupString": "per kg",
          "available": true
        }
      ]
    },
    {
      "id": 42770,
      "category": "Household & Cleaning",
      "category1": null,
      "category2": "Kitchen",
      "category3": "Dinnerware, Plates & Bowls",
      "category4": null,
      "category1Url": null,
      "category2Url": null,
      "category3Url": null,
      "category4Url": null,
      "name": "Soup Or Cereal Bowl White 15cm",
      "brand": "Corelle",
      "brandAndName": "Corelle Soup Or Cereal Bowl White 15cm ",
      "volumeSize": "",
      "imageFileName": "42770.jpg",
      "collected": null,
      "available": null,
      "disableFromView": null,
      "preferredSupplier": null,
      "disableFromListory": null,
      "url": "corelle-soup-or-cereal-bowl-white-15cm-each",
      "supplierProducts": [
        {
          "supplierProductId": 42770,
          "supplierCode": "WOOLIES",
          "supplierName": "Woolworths",
          "price": 6,
          "discount": 0,
          "percentDiscount": 0,
          "perGroupQuantity": null,
          "perGroupPrice": null,
          "weightDefinition": null,
          "cupPrice": 6,
          "cupDefinition": "each",
          "cupWeight": null,
          "cupString": "each",
          "available": true
        }
      ]
    },
    {
      "id": 43517,
      "category": "Household & Cleaning",
      "category1": null,
      "category2": "Kitchen",
      "category3": "Storage Containers",
      "category4": null,
      "category1Url": null,
      "category2Url": null,
      "category3Url": null,
      "category4Url": null,
      "name": "Tellfresh Cereal Server 5l",
      "brand": "Décor",
      "brandAndName": "Décor Tellfresh Cereal Server 5l ",
      "volumeSize": "",
      "imageFileName": "43517.jpg",
      "collected": null,
      "available": null,
      "disableFromView": null,
      "preferredSupplier": null,
      "disableFromListory": null,
      "url": "decor-tellfresh-cereal-server-5l-each",
      "supplierProducts": [
        {
          "supplierProductId": 43517,
          "supplierCode": "WOOLIES",
          "supplierName": "Woolworths",
          "price": 9.65,
          "discount": 0,
          "percentDiscount": 0,
          "perGroupQuantity": null,
          "perGroupPrice": null,
          "weightDefinition": null,
          "cupPrice": 9.65,
          "cupDefinition": "each",
          "cupWeight": null,
          "cupString": "each",
          "available": true
        }
      ]
    },
    {
      "id": 55280,
      "category": "Packaged & Ready Meals",
      "category1": null,
      "category2": "Breakfast & Cereals",
      "category3": "Muesli",
      "category4": null,
      "category1Url": null,
      "category2Url": null,
      "category3Url": null,
      "category4Url": null,
      "name": "Luscious Berries & Cherries Muesli",
      "brand": "Dorset Cereals",
      "brandAndName": "Dorset Cereals Luscious Berries & Cherries Muesli ",
      "volumeSize": "540g",
      "imageFileName": null,
      "collected": null,
      "available": null,
      "disableFromView": null,
      "preferredSupplier": null,
      "disableFromListory": null,
      "url": "dorset-cereals-luscious-berries-and-cherries-muesli-540-g",
      "supplierProducts": [
        {
          "supplierProductId": 55252,
          "supplierCode": "WOOLIES",
          "supplierName": "Woolworths",
          "price": 8.3,
          "discount": 0,
          "percentDiscount": 0,
          "perGroupQuantity": null,
          "perGroupPrice": null,
          "weightDefinition": "g",
          "cupPrice": 15.37,
          "cupDefinition": "per kg",
          "cupWeight": 540,
          "cupString": "per kg",
          "available": true
        }
      ]
    },
    {
      "id": 55540,
      "category": "Packaged & Ready Meals",
      "category1": null,
      "category2": "Breakfast & Cereals",
      "category3": "Cocoa Cereals",
      "category4": null,
      "category1Url": null,
      "category2Url": null,
      "category3Url": null,
      "category4Url": null,
      "name": "Cocoa Puffs Cereal",
      "brand": "Coles",
      "brandAndName": "Coles Cocoa Puffs Cereal ",
      "volumeSize": "300g",
      "imageFileName": "2551.jpg",
      "collected": null,
      "available": null,
      "disableFromView": null,
      "preferredSupplier": null,
      "disableFromListory": null,
      "url": "coles-cocoa-puffs-cereal-300-g",
      "supplierProducts": [
        {
          "supplierProductId": 2551,
          "supplierCode": "COLES",
          "supplierName": "Coles",
          "price": 2,
          "discount": 0,
          "percentDiscount": 0,
          "perGroupQuantity": 0,
          "perGroupPrice": 0,
          "weightDefinition": "g",
          "cupPrice": 6.67,
          "cupDefinition": "per kg",
          "cupWeight": 300,
          "cupString": "per kg",
          "available": true
        }
      ]
    },
    {
      "id": 55589,
      "category": "Packaged & Ready Meals",
      "category1": null,
      "category2": "Breakfast & Cereals",
      "category3": "Cereals",
      "category4": null,
      "category1Url": null,
      "category2Url": null,
      "category3Url": null,
      "category4Url": null,
      "name": "Frooty Rings Cereal",
      "brand": "Coles",
      "brandAndName": "Coles Frooty Rings Cereal ",
      "volumeSize": "300g",
      "imageFileName": "20501.jpg",
      "collected": null,
      "available": null,
      "disableFromView": null,
      "preferredSupplier": null,
      "disableFromListory": null,
      "url": "coles-frooty-rings-cereal-300-g",
      "supplierProducts": [
        {
          "supplierProductId": 20501,
          "supplierCode": "COLES",
          "supplierName": "Coles",
          "price": 2.5,
          "discount": 0,
          "percentDiscount": 0,
          "perGroupQuantity": null,
          "perGroupPrice": null,
          "weightDefinition": "g",
          "cupPrice": 8.33,
          "cupDefinition": "per kg",
          "cupWeight": 300,
          "cupString": "per kg",
          "available": true
        }
      ]
    },
    {
      "id": 56173,
      "category": "Packaged & Ready Meals",
      "category1": null,
      "category2": "Breakfast & Cereals",
      "category3": "Muesli",
      "category4": null,
      "category1Url": null,
      "category2Url": null,
      "category3Url": null,
      "category4Url": null,
      "name": "Digestive Cereal",
      "brand": "Goodness Superfoods",
      "brandAndName": "Goodness Superfoods Digestive Cereal ",
      "volumeSize": "500g",
      "imageFileName": "30388.jpg",
      "collected": null,
      "available": null,
      "disableFromView": null,
      "preferredSupplier": null,
      "disableFromListory": null,
      "url": "goodness-superfoods-digestive-cereal-500-g",
      "supplierProducts": [
        {
          "supplierProductId": 30388,
          "supplierCode": "WOOLIES",
          "supplierName": "Woolworths",
          "price": 6.17,
          "discount": 0,
          "percentDiscount": 0,
          "perGroupQuantity": null,
          "perGroupPrice": null,
          "weightDefinition": "g",
          "cupPrice": 12.34,
          "cupDefinition": "per kg",
          "cupWeight": 500,
          "cupString": "per kg",
          "available": true
        }
      ]
    },
    {
      "id": 56174,
      "category": "Packaged & Ready Meals",
      "category1": null,
      "category2": "Breakfast & Cereals",
      "category3": "Muesli",
      "category4": null,
      "category1Url": null,
      "category2Url": null,
      "category3Url": null,
      "category4Url": null,
      "name": "Heart Cereal",
      "brand": "Goodness Superfoods",
      "brandAndName": "Goodness Superfoods Heart Cereal ",
      "volumeSize": "500g",
      "imageFileName": "30389.jpg",
      "collected": null,
      "available": null,
      "disableFromView": null,
      "preferredSupplier": null,
      "disableFromListory": null,
      "url": "goodness-superfoods-heart-cereal-500-g",
      "supplierProducts": [
        {
          "supplierProductId": 30389,
          "supplierCode": "WOOLIES",
          "supplierName": "Woolworths",
          "price": 6.17,
          "discount": 0,
          "percentDiscount": 0,
          "perGroupQuantity": null,
          "perGroupPrice": null,
          "weightDefinition": "g",
          "cupPrice": 12.34,
          "cupDefinition": "per kg",
          "cupWeight": 500,
          "cupString": "per kg",
          "available": true
        }
      ]
    },
    {
      "id": 57540,
      "category": "Packaged & Ready Meals",
      "category1": null,
      "category2": "Breakfast & Cereals",
      "category3": "Cereal Clusters",
      "category4": null,
      "category1Url": null,
      "category2Url": null,
      "category3Url": null,
      "category4Url": null,
      "name": "Crafted Blends Cereal Pear Almond Vanilla Bean",
      "brand": "Freedom Foods",
      "brandAndName": "Freedom Foods Crafted Blends Cereal Pear Almond Vanilla Bean ",
      "volumeSize": "350g",
      "imageFileName": null,
      "collected": null,
      "available": null,
      "disableFromView": null,
      "preferredSupplier": null,
      "disableFromListory": null,
      "url": "freedom-foods-crafted-blends-cereal-pear-almond-vanilla-bean-350-g",
      "supplierProducts": [
        {
          "supplierProductId": 29934,
          "supplierCode": "WOOLIES",
          "supplierName": "Woolworths",
          "price": 6.99,
          "discount": 0,
          "percentDiscount": 0,
          "perGroupQuantity": null,
          "perGroupPrice": null,
          "weightDefinition": "g",
          "cupPrice": 19.97,
          "cupDefinition": "per kg",
          "cupWeight": 350,
          "cupString": "per kg",
          "available": true
        }
      ]
    },
    {
      "id": 57554,
      "category": "Packaged & Ready Meals",
      "category1": null,
      "category2": "Breakfast & Cereals",
      "category3": "Cereal Clusters",
      "category4": null,
      "category1Url": null,
      "category2Url": null,
      "category3Url": null,
      "category4Url": null,
      "name": "Crafted Blends Cereal Berries & Toasted Coconut",
      "brand": "Freedom Foods",
      "brandAndName": "Freedom Foods Crafted Blends Cereal Berries & Toasted Coconut ",
      "volumeSize": "350g",
      "imageFileName": null,
      "collected": null,
      "available": null,
      "disableFromView": null,
      "preferredSupplier": null,
      "disableFromListory": null,
      "url": "freedom-foods-crafted-blends-cereal-berries-and-toasted-coconut-350-g",
      "supplierProducts": [
        {
          "supplierProductId": 29933,
          "supplierCode": "WOOLIES",
          "supplierName": "Woolworths",
          "price": 6.99,
          "discount": 0,
          "percentDiscount": 0,
          "perGroupQuantity": null,
          "perGroupPrice": null,
          "weightDefinition": "g",
          "cupPrice": 19.97,
          "cupDefinition": "per kg",
          "cupWeight": 350,
          "cupString": "per kg",
          "available": true
        }
      ]
    },
    {
      "id": 76979,
      "category": "Packaged & Ready Meals",
      "category1": null,
      "category2": "Breakfast & Cereals",
      "category3": "Gluten Free Cereals",
      "category4": null,
      "category1Url": null,
      "category2Url": null,
      "category3Url": null,
      "category4Url": null,
      "name": "Crafted Blends Vanilla Maple Flaked Almond Cereal",
      "brand": "Freedom Foods",
      "brandAndName": "Freedom Foods Crafted Blends Vanilla Maple Flaked Almond Cereal ",
      "volumeSize": "350g",
      "imageFileName": null,
      "collected": null,
      "available": null,
      "disableFromView": null,
      "preferredSupplier": null,
      "disableFromListory": null,
      "url": "freedom-foods-crafted-blends-vanilla-maple-flaked-almond-cereal-350-g",
      "supplierProducts": [
        {
          "supplierProductId": 55782,
          "supplierCode": "WOOLIES",
          "supplierName": "Woolworths",
          "price": 6.99,
          "discount": 0,
          "percentDiscount": 0,
          "perGroupQuantity": null,
          "perGroupPrice": null,
          "weightDefinition": "g",
          "cupPrice": 19.97,
          "cupDefinition": "per kg",
          "cupWeight": 350,
          "cupString": "per kg",
          "available": true
        }
      ]
    },
    {
      "id": 2558,
      "category": "Packaged & Ready Meals",
      "category1": null,
      "category2": "Breakfast & Cereals",
      "category3": "Cereals Other",
      "category4": null,
      "category1Url": null,
      "category2Url": null,
      "category3Url": null,
      "category4Url": null,
      "name": "Mighty Grain Cereal",
      "brand": "Coles",
      "brandAndName": "Coles Mighty Grain Cereal ",
      "volumeSize": "560g",
      "imageFileName": "2558.jpg",
      "collected": null,
      "available": null,
      "disableFromView": null,
      "preferredSupplier": null,
      "disableFromListory": null,
      "url": "coles-mighty-grain-cereal-560-g",
      "supplierProducts": [
        {
          "supplierProductId": 2558,
          "supplierCode": "COLES",
          "supplierName": "Coles",
          "price": 3.5,
          "discount": 0,
          "percentDiscount": 0,
          "perGroupQuantity": 0,
          "perGroupPrice": 0,
          "weightDefinition": "g",
          "cupPrice": 6.25,
          "cupDefinition": "per kg",
          "cupWeight": 560,
          "cupString": "per kg",
          "available": true
        }
      ]
    },
    {
      "id": 2562,
      "category": "Packaged & Ready Meals",
      "category1": null,
      "category2": "Breakfast & Cereals",
      "category3": "Cocoa Cereals",
      "category4": null,
      "category1Url": null,
      "category2Url": null,
      "category3Url": null,
      "category4Url": null,
      "name": "Milo Cereal Value Pack",
      "brand": "Nestle",
      "brandAndName": "Nestle Milo Cereal Value Pack ",
      "volumeSize": "700g",
      "imageFileName": "30454.jpg",
      "collected": null,
      "available": null,
      "disableFromView": null,
      "preferredSupplier": null,
      "disableFromListory": null,
      "url": "nestle-milo-cereal-value-pack-700-g",
      "supplierProducts": [
        {
          "supplierProductId": 2562,
          "supplierCode": "COLES",
          "supplierName": "Coles",
          "price": 7.7,
          "discount": 0,
          "percentDiscount": 0,
          "perGroupQuantity": null,
          "perGroupPrice": null,
          "weightDefinition": "g",
          "cupPrice": 11,
          "cupDefinition": "per kg",
          "cupWeight": 700,
          "cupString": "per kg",
          "available": true
        }
      ]
    },
    {
      "id": 2567,
      "category": "Packaged & Ready Meals",
      "category1": null,
      "category2": "Breakfast & Cereals",
      "category3": "Cereals",
      "category4": null,
      "category1Url": null,
      "category2Url": null,
      "category3Url": null,
      "category4Url": null,
      "name": "Breakfast Plus Cereal",
      "brand": "Uncle Tobys",
      "brandAndName": "Uncle Tobys Breakfast Plus Cereal ",
      "volumeSize": "410g",
      "imageFileName": "30508.jpg",
      "collected": null,
      "available": null,
      "disableFromView": null,
      "preferredSupplier": null,
      "disableFromListory": null,
      "url": "uncle-tobys-breakfast-plus-cereal-410-g",
      "supplierProducts": [
        {
          "supplierProductId": 2567,
          "supplierCode": "COLES",
          "supplierName": "Coles",
          "price": 4.95,
          "discount": 0,
          "percentDiscount": 0,
          "perGroupQuantity": null,
          "perGroupPrice": null,
          "weightDefinition": "g",
          "cupPrice": 12.07,
          "cupDefinition": "per kg",
          "cupWeight": 410,
          "cupString": "per kg",
          "available": true
        },
        {
          "supplierProductId": 30508,
          "supplierCode": "WOOLIES",
          "supplierName": "Woolworths",
          "price": 4.49,
          "discount": 0,
          "percentDiscount": 0,
          "perGroupQuantity": null,
          "perGroupPrice": null,
          "weightDefinition": "g",
          "cupPrice": 10.95,
          "cupDefinition": "per kg",
          "cupWeight": 410,
          "cupString": "per kg",
          "available": true
        }
      ]
    },
    {
      "id": 2569,
      "category": "Packaged & Ready Meals",
      "category1": null,
      "category2": "Breakfast & Cereals",
      "category3": "Granola",
      "category4": null,
      "category1Url": null,
      "category2Url": null,
      "category3Url": null,
      "category4Url": null,
      "name": "Simply Nut Granola Oats",
      "brand": "Dorset Cereals",
      "brandAndName": "Dorset Cereals Simply Nut Granola Oats ",
      "volumeSize": "550g",
      "imageFileName": "30560.jpg",
      "collected": null,
      "available": null,
      "disableFromView": null,
      "preferredSupplier": null,
      "disableFromListory": null,
      "url": "dorset-cereals-simply-nut-granola-oats-550-g",
      "supplierProducts": [
        {
          "supplierProductId": 30560,
          "supplierCode": "WOOLIES",
          "supplierName": "Woolworths",
          "price": 8.3,
          "discount": 0,
          "percentDiscount": 0,
          "perGroupQuantity": null,
          "perGroupPrice": null,
          "weightDefinition": "g",
          "cupPrice": 15.09,
          "cupDefinition": "per kg",
          "cupWeight": 550,
          "cupString": "per kg",
          "available": true
        },
        {
          "supplierProductId": 2569,
          "supplierCode": "COLES",
          "supplierName": "Coles",
          "price": 9.13,
          "discount": 0,
          "percentDiscount": 0,
          "perGroupQuantity": null,
          "perGroupPrice": null,
          "weightDefinition": "g",
          "cupPrice": 16.6,
          "cupDefinition": "per kg",
          "cupWeight": 550,
          "cupString": "per kg",
          "available": true
        }
      ]
    },
    {
      "id": 2574,
      "category": "Packaged & Ready Meals",
      "category1": null,
      "category2": "Breakfast & Cereals",
      "category3": "Cereals",
      "category4": null,
      "category1Url": null,
      "category2Url": null,
      "category3Url": null,
      "category4Url": null,
      "name": "5 Wholegrain Flakes Cereal",
      "brand": "Be Natural",
      "brandAndName": "Be Natural 5 Wholegrain Flakes Cereal ",
      "volumeSize": "325g",
      "imageFileName": "30377.jpg",
      "collected": null,
      "available": null,
      "disableFromView": null,
      "preferredSupplier": null,
      "disableFromListory": null,
      "url": "be-natural-5-wholegrain-flakes-cereal-325-g",
      "supplierProducts": [
        {
          "supplierProductId": 30377,
          "supplierCode": "WOOLIES",
          "supplierName": "Woolworths",
          "price": 3.79,
          "discount": 0,
          "percentDiscount": 0,
          "perGroupQuantity": null,
          "perGroupPrice": null,
          "weightDefinition": "g",
          "cupPrice": 11.66,
          "cupDefinition": "per kg",
          "cupWeight": 325,
          "cupString": "per kg",
          "available": true
        }
      ]
    },
    {
      "id": 2581,
      "category": "Packaged & Ready Meals",
      "category1": null,
      "category2": "Breakfast & Cereals",
      "category3": "Cocoa Cereals",
      "category4": null,
      "category1Url": null,
      "category2Url": null,
      "category3Url": null,
      "category4Url": null,
      "name": "Milo Duo Cereal",
      "brand": "Nestle",
      "brandAndName": "Nestle Milo Duo Cereal ",
      "volumeSize": "660g",
      "imageFileName": "30457.jpg",
      "collected": null,
      "available": null,
      "disableFromView": null,
      "preferredSupplier": null,
      "disableFromListory": null,
      "url": "nestle-milo-duo-cereal-660-g",
      "supplierProducts": [
        {
          "supplierProductId": 2581,
          "supplierCode": "COLES",
          "supplierName": "Coles",
          "price": 7.73,
          "discount": 0,
          "percentDiscount": 0,
          "perGroupQuantity": null,
          "perGroupPrice": null,
          "weightDefinition": "g",
          "cupPrice": 11.71,
          "cupDefinition": "per kg",
          "cupWeight": 660,
          "cupString": "per kg",
          "available": true
        }
      ]
    },
    {
      "id": 2582,
      "category": "Packaged & Ready Meals",
      "category1": null,
      "category2": "Breakfast & Cereals",
      "category3": "Cocoa Cereals",
      "category4": null,
      "category1Url": null,
      "category2Url": null,
      "category3Url": null,
      "category4Url": null,
      "name": "Milo Cereal",
      "brand": "Nestle",
      "brandAndName": "Nestle Milo Cereal ",
      "volumeSize": "350g",
      "imageFileName": "30453.jpg",
      "collected": null,
      "available": null,
      "disableFromView": null,
      "preferredSupplier": null,
      "disableFromListory": null,
      "url": "nestle-milo-cereal-350-g",
      "supplierProducts": [
        {
          "supplierProductId": 30453,
          "supplierCode": "WOOLIES",
          "supplierName": "Woolworths",
          "price": 4.99,
          "discount": 0,
          "percentDiscount": 0,
          "perGroupQuantity": null,
          "perGroupPrice": null,
          "weightDefinition": "g",
          "cupPrice": 14.26,
          "cupDefinition": "per kg",
          "cupWeight": 350,
          "cupString": "per kg",
          "available": true
        }
      ]
    },
    {
      "id": 2590,
      "category": "Packaged & Ready Meals",
      "category1": null,
      "category2": "Breakfast & Cereals",
      "category3": "Granola",
      "category4": null,
      "category1Url": null,
      "category2Url": null,
      "category3Url": null,
      "category4Url": null,
      "name": "Simply Oat Granola Oats",
      "brand": "Dorset Cereals",
      "brandAndName": "Dorset Cereals Simply Oat Granola Oats ",
      "volumeSize": "550g",
      "imageFileName": "30561.jpg",
      "collected": null,
      "available": null,
      "disableFromView": null,
      "preferredSupplier": null,
      "disableFromListory": null,
      "url": "dorset-cereals-simply-oat-granola-oats-550-g",
      "supplierProducts": [
        {
          "supplierProductId": 2590,
          "supplierCode": "COLES",
          "supplierName": "Coles",
          "price": 9.13,
          "discount": 0,
          "percentDiscount": 0,
          "perGroupQuantity": null,
          "perGroupPrice": null,
          "weightDefinition": "g",
          "cupPrice": 16.6,
          "cupDefinition": "per kg",
          "cupWeight": 550,
          "cupString": "per kg",
          "available": true
        }
      ]
    }
  ],
  "isLastPage": false,
  "ageRestriction": null,
  "postcode": 411,
  "hasDOB": false,
  "underAge": false,
  "filters": [
    {
      "code": "BRAND",
      "metaDatas": [
        {
          "name": "Abundant Earth",
          "url": null,
          "count": 2,
          "id": null,
          "parentId": null,
          "level": null
        },
        {
          "name": "Be Natural",
          "url": null,
          "count": 1,
          "id": null,
          "parentId": null,
          "level": null
        },
        {
          "name": "Bellamys Organic",
          "url": null,
          "count": 1,
          "id": null,
          "parentId": null,
          "level": null
        },
        {
          "name": "Bellamy's Organic",
          "url": null,
          "count": 1,
          "id": null,
          "parentId": null,
          "level": null
        },
        {
          "name": "Belvita",
          "url": null,
          "count": 1,
          "id": null,
          "parentId": null,
          "level": null
        },
        {
          "name": "Coles",
          "url": null,
          "count": 4,
          "id": null,
          "parentId": null,
          "level": null
        },
        {
          "name": "Corelle",
          "url": null,
          "count": 1,
          "id": null,
          "parentId": null,
          "level": null
        },
        {
          "name": "Décor",
          "url": null,
          "count": 1,
          "id": null,
          "parentId": null,
          "level": null
        },
        {
          "name": "Dick Smith",
          "url": null,
          "count": 1,
          "id": null,
          "parentId": null,
          "level": null
        },
        {
          "name": "Dorset Cereals",
          "url": null,
          "count": 7,
          "id": null,
          "parentId": null,
          "level": null
        },
        {
          "name": "Farex",
          "url": null,
          "count": 4,
          "id": null,
          "parentId": null,
          "level": null
        },
        {
          "name": "Freedom Foods",
          "url": null,
          "count": 6,
          "id": null,
          "parentId": null,
          "level": null
        },
        {
          "name": "Goodness Superfoods",
          "url": null,
          "count": 2,
          "id": null,
          "parentId": null,
          "level": null
        },
        {
          "name": "Heinz",
          "url": null,
          "count": 4,
          "id": null,
          "parentId": null,
          "level": null
        },
        {
          "name": "Kellogg's",
          "url": null,
          "count": 1,
          "id": null,
          "parentId": null,
          "level": null
        },
        {
          "name": "Kez's",
          "url": null,
          "count": 2,
          "id": null,
          "parentId": null,
          "level": null
        },
        {
          "name": "Macro",
          "url": null,
          "count": 4,
          "id": null,
          "parentId": null,
          "level": null
        },
        {
          "name": "Melrose",
          "url": null,
          "count": 1,
          "id": null,
          "parentId": null,
          "level": null
        },
        {
          "name": "Nestle",
          "url": null,
          "count": 8,
          "id": null,
          "parentId": null,
          "level": null
        },
        {
          "name": "Red Tractor",
          "url": null,
          "count": 1,
          "id": null,
          "parentId": null,
          "level": null
        },
        {
          "name": "Sistema",
          "url": null,
          "count": 1,
          "id": null,
          "parentId": null,
          "level": null
        },
        {
          "name": "Uncle Tobys",
          "url": null,
          "count": 3,
          "id": null,
          "parentId": null,
          "level": null
        },
        {
          "name": "Well Naturally",
          "url": null,
          "count": 2,
          "id": null,
          "parentId": null,
          "level": null
        },
        {
          "name": "Woolworths",
          "url": null,
          "count": 3,
          "id": null,
          "parentId": null,
          "level": null
        },
        {
          "name": "Woolworths Select",
          "url": null,
          "count": 1,
          "id": null,
          "parentId": null,
          "level": null
        }
      ]
    },
    {
      "code": "CATEGORY1",
      "metaDatas": [
        {
          "name": "Baby",
          "url": "baby",
          "count": 14,
          "id": 41430,
          "parentId": null,
          "level": 1
        },
        {
          "name": "Baking",
          "url": "baking",
          "count": 1,
          "id": 40024,
          "parentId": null,
          "level": 1
        },
        {
          "name": "Dietary, Health & Lifestyle",
          "url": "dietary-health-lifestyle",
          "count": 3,
          "id": 41475,
          "parentId": null,
          "level": 1
        },
        {
          "name": "Household & Cleaning",
          "url": "household-cleaning",
          "count": 3,
          "id": 40547,
          "parentId": null,
          "level": 1
        },
        {
          "name": "Packaged & Ready Meals",
          "url": "packaged-ready-meals",
          "count": 41,
          "id": 40412,
          "parentId": null,
          "level": 1
        },
        {
          "name": "Snacks & Sweets",
          "url": "snacks-sweets",
          "count": 1,
          "id": 40156,
          "parentId": null,
          "level": 1
        }
      ]
    },
    {
      "code": "CATEGORY2",
      "metaDatas": [
        {
          "name": "Baby Food",
          "url": "baby-food",
          "count": 14,
          "id": 41445,
          "parentId": 41430,
          "level": 2
        },
        {
          "name": "Bars & Snacks",
          "url": "bars-snacks",
          "count": 2,
          "id": 41481,
          "parentId": 41475,
          "level": 2
        },
        {
          "name": "Biscuits & Cookies",
          "url": "biscuits-cookies",
          "count": 1,
          "id": 40157,
          "parentId": 40156,
          "level": 2
        },
        {
          "name": "Breakfast & Cereals",
          "url": "breakfast-cereals",
          "count": 41,
          "id": 40715,
          "parentId": 40412,
          "level": 2
        },
        {
          "name": "Flour",
          "url": "flour",
          "count": 1,
          "id": 40060,
          "parentId": 40024,
          "level": 2
        },
        {
          "name": "Kitchen",
          "url": "kitchen",
          "count": 3,
          "id": 41817,
          "parentId": 40547,
          "level": 2
        },
        {
          "name": "Supplements",
          "url": "supplements",
          "count": 1,
          "id": 41486,
          "parentId": 41475,
          "level": 2
        }
      ]
    },
    {
      "code": "CATEGORY3",
      "metaDatas": [
        {
          "name": "Apple Raisin Cereals",
          "url": "apple-raisin-cereals",
          "count": 1,
          "id": 40716,
          "parentId": 40715,
          "level": 2
        },
        {
          "name": "Breakfast Biscuits",
          "url": "breakfast-biscuits",
          "count": 1,
          "id": 41378,
          "parentId": 40157,
          "level": 2
        },
        {
          "name": "Cereal Clusters",
          "url": "cereal-clusters",
          "count": 3,
          "id": 41362,
          "parentId": 40715,
          "level": 2
        },
        {
          "name": "Cereals",
          "url": "cereals",
          "count": 8,
          "id": 41364,
          "parentId": 40715,
          "level": 2
        },
        {
          "name": "Cereals Other",
          "url": "cereals-other",
          "count": 5,
          "id": 40720,
          "parentId": 40715,
          "level": 2
        },
        {
          "name": "Cereals with Fruit",
          "url": "cereals-with-fruit",
          "count": 2,
          "id": 41365,
          "parentId": 40715,
          "level": 2
        },
        {
          "name": "Cocoa Cereals",
          "url": "cocoa-cereals",
          "count": 5,
          "id": 40721,
          "parentId": 40715,
          "level": 2
        },
        {
          "name": "Corn Cereals",
          "url": "corn-cereals",
          "count": 1,
          "id": 40722,
          "parentId": 40715,
          "level": 2
        },
        {
          "name": "Dinnerware, Plates & Bowls",
          "url": "dinnerware-plates-bowls",
          "count": 1,
          "id": 41819,
          "parentId": 41817,
          "level": 2
        },
        {
          "name": "For Babys 12+ Months",
          "url": "for-babys-12-months",
          "count": 2,
          "id": 41446,
          "parentId": 41445,
          "level": 2
        },
        {
          "name": "For Babys 4+ Months",
          "url": "for-babys-4-months",
          "count": 3,
          "id": 41447,
          "parentId": 41445,
          "level": 2
        },
        {
          "name": "For Babys 6+ Months",
          "url": "for-babys-6-months",
          "count": 7,
          "id": 41448,
          "parentId": 41445,
          "level": 2
        },
        {
          "name": "For Babys 8+ Months",
          "url": "for-babys-8-months",
          "count": 2,
          "id": 41449,
          "parentId": 41445,
          "level": 2
        },
        {
          "name": "Gluten Free Cereals",
          "url": "gluten-free-cereals",
          "count": 4,
          "id": 40723,
          "parentId": 40715,
          "level": 2
        },
        {
          "name": "Granola",
          "url": "granola",
          "count": 3,
          "id": 41363,
          "parentId": 40715,
          "level": 2
        },
        {
          "name": "Health Bars",
          "url": "health-bars",
          "count": 2,
          "id": 41482,
          "parentId": 41481,
          "level": 2
        },
        {
          "name": "Muesli",
          "url": "muesli",
          "count": 7,
          "id": 40717,
          "parentId": 40715,
          "level": 2
        },
        {
          "name": "Polenta",
          "url": "polenta",
          "count": 1,
          "id": 40064,
          "parentId": 40060,
          "level": 2
        },
        {
          "name": "Rice Cereals",
          "url": "rice-cereals",
          "count": 2,
          "id": 40730,
          "parentId": 40715,
          "level": 2
        },
        {
          "name": "Storage Containers",
          "url": "storage-containers",
          "count": 2,
          "id": 41827,
          "parentId": 41817,
          "level": 2
        },
        {
          "name": "Superfoods",
          "url": "superfoods",
          "count": 1,
          "id": 41512,
          "parentId": 41486,
          "level": 2
        }
      ]
    },
    {
      "code": "VOLUMESIZE",
      "metaDatas": [
        {
          "name": "110g ",
          "url": null,
          "count": 2,
          "id": null,
          "parentId": null,
          "level": 0
        },
        {
          "name": "120g ",
          "url": null,
          "count": 2,
          "id": null,
          "parentId": null,
          "level": 0
        },
        {
          "name": "125g ",
          "url": null,
          "count": 2,
          "id": null,
          "parentId": null,
          "level": 0
        },
        {
          "name": "125g 1 each",
          "url": null,
          "count": 1,
          "id": null,
          "parentId": null,
          "level": 0
        },
        {
          "name": "150g ",
          "url": null,
          "count": 1,
          "id": null,
          "parentId": null,
          "level": 0
        },
        {
          "name": "15g 6 pack",
          "url": null,
          "count": 1,
          "id": null,
          "parentId": null,
          "level": 0
        },
        {
          "name": "170g ",
          "url": null,
          "count": 2,
          "id": null,
          "parentId": null,
          "level": 0
        },
        {
          "name": "200g ",
          "url": null,
          "count": 4,
          "id": null,
          "parentId": null,
          "level": 0
        },
        {
          "name": "250g ",
          "url": null,
          "count": 3,
          "id": null,
          "parentId": null,
          "level": 0
        },
        {
          "name": "300g ",
          "url": null,
          "count": 5,
          "id": null,
          "parentId": null,
          "level": 0
        },
        {
          "name": "325g ",
          "url": null,
          "count": 2,
          "id": null,
          "parentId": null,
          "level": 0
        },
        {
          "name": "350g ",
          "url": null,
          "count": 4,
          "id": null,
          "parentId": null,
          "level": 0
        },
        {
          "name": "35g ",
          "url": null,
          "count": 2,
          "id": null,
          "parentId": null,
          "level": 0
        },
        {
          "name": "360g ",
          "url": null,
          "count": 1,
          "id": null,
          "parentId": null,
          "level": 0
        },
        {
          "name": "375g ",
          "url": null,
          "count": 1,
          "id": null,
          "parentId": null,
          "level": 0
        },
        {
          "name": "400g ",
          "url": null,
          "count": 3,
          "id": null,
          "parentId": null,
          "level": 0
        },
        {
          "name": "410g ",
          "url": null,
          "count": 1,
          "id": null,
          "parentId": null,
          "level": 0
        },
        {
          "name": "450g ",
          "url": null,
          "count": 1,
          "id": null,
          "parentId": null,
          "level": 0
        },
        {
          "name": "475g ",
          "url": null,
          "count": 1,
          "id": null,
          "parentId": null,
          "level": 0
        },
        {
          "name": "500g ",
          "url": null,
          "count": 5,
          "id": null,
          "parentId": null,
          "level": 0
        },
        {
          "name": "540g ",
          "url": null,
          "count": 2,
          "id": null,
          "parentId": null,
          "level": 0
        },
        {
          "name": "550g ",
          "url": null,
          "count": 3,
          "id": null,
          "parentId": null,
          "level": 0
        },
        {
          "name": "560g ",
          "url": null,
          "count": 2,
          "id": null,
          "parentId": null,
          "level": 0
        },
        {
          "name": "6 pack",
          "url": null,
          "count": 1,
          "id": null,
          "parentId": null,
          "level": 0
        },
        {
          "name": "600g ",
          "url": null,
          "count": 3,
          "id": null,
          "parentId": null,
          "level": 0
        },
        {
          "name": "650g ",
          "url": null,
          "count": 1,
          "id": null,
          "parentId": null,
          "level": 0
        },
        {
          "name": "660g ",
          "url": null,
          "count": 1,
          "id": null,
          "parentId": null,
          "level": 0
        },
        {
          "name": "700g ",
          "url": null,
          "count": 2,
          "id": null,
          "parentId": null,
          "level": 0
        },
        {
          "name": "90g 1 each",
          "url": null,
          "count": 1,
          "id": null,
          "parentId": null,
          "level": 0
        },
        {
          "name": "each",
          "url": null,
          "count": 3,
          "id": null,
          "parentId": null,
          "level": 0
        }
      ]
    }
  ]
}
