{
  "hits": 22,
  "items": [
    {
      "id": 1526,
      "category": "Dairy & Eggs",
      "category1": null,
      "category2": "Eggs",
      "category3": "Free Range Eggs",
      "category4": null,
      "category1Url": null,
      "category2Url": null,
      "category3Url": null,
      "category4Url": null,
      "name": "X Large Free Range Eggs 12 pack",
      "brand": "Coles",
      "brandAndName": "Coles X Large Free Range Eggs 12 pack ",
      "volumeSize": "700g",
      "imageFileName": "1526.jpg",
      "collected": null,
      "available": null,
      "disableFromView": null,
      "preferredSupplier": null,
      "disableFromListory": null,
      "url": "coles-x-large-free-range-eggs-12-pack-700-g",
      "supplierProducts": [
        {
          "supplierProductId": 1526,
          "supplierCode": "COLES",
          "supplierName": "Coles",
          "price": 4.2,
          "discount": 0,
          "percentDiscount": 0,
          "perGroupQuantity": null,
          "perGroupPrice": null,
          "weightDefinition": "g",
          "cupPrice": 6,
          "cupDefinition": "per kg",
          "cupWeight": 700,
          "cupString": "per kg",
          "available": true
        }
      ]
    },
    {
      "id": 1527,
      "category": "Dairy & Eggs",
      "category1": null,
      "category2": "Eggs",
      "category3": "Free Range Eggs",
      "category4": null,
      "category1Url": null,
      "category2Url": null,
      "category3Url": null,
      "category4Url": null,
      "name": "Large Free Range Eggs 12 pack",
      "brand": "Coles",
      "brandAndName": "Coles Large Free Range Eggs 12 pack ",
      "volumeSize": "600g",
      "imageFileName": "1527.jpg",
      "collected": null,
      "available": null,
      "disableFromView": null,
      "preferredSupplier": null,
      "disableFromListory": null,
      "url": "coles-large-free-range-eggs-12-pack-600-g",
      "supplierProducts": [
        {
          "supplierProductId": 1527,
          "supplierCode": "COLES",
          "supplierName": "Coles",
          "price": 3.8,
          "discount": 0,
          "percentDiscount": 0,
          "perGroupQuantity": null,
          "perGroupPrice": null,
          "weightDefinition": "g",
          "cupPrice": 6.33,
          "cupDefinition": "per kg",
          "cupWeight": 600,
          "cupString": "per kg",
          "available": true
        }
      ]
    },
    {
      "id": 1528,
      "category": "Dairy & Eggs",
      "category1": null,
      "category2": "Eggs",
      "category3": "Free Range Eggs",
      "category4": null,
      "category1Url": null,
      "category2Url": null,
      "category3Url": null,
      "category4Url": null,
      "name": "Free Range Jumbo Eggs 12 pack",
      "brand": "Coles",
      "brandAndName": "Coles Free Range Jumbo Eggs 12 pack ",
      "volumeSize": "800g",
      "imageFileName": "1528.jpg",
      "collected": null,
      "available": null,
      "disableFromView": null,
      "preferredSupplier": null,
      "disableFromListory": null,
      "url": "coles-free-range-jumbo-eggs-12-pack-800-g",
      "supplierProducts": [
        {
          "supplierProductId": 1528,
          "supplierCode": "COLES",
          "supplierName": "Coles",
          "price": 5,
          "discount": 0,
          "percentDiscount": 0,
          "perGroupQuantity": null,
          "perGroupPrice": null,
          "weightDefinition": "g",
          "cupPrice": 6.25,
          "cupDefinition": "per kg",
          "cupWeight": 800,
          "cupString": "per kg",
          "available": true
        }
      ]
    },
    {
      "id": 1529,
      "category": "Dairy & Eggs",
      "category1": null,
      "category2": "Eggs",
      "category3": "Free Range Eggs",
      "category4": null,
      "category1Url": null,
      "category2Url": null,
      "category3Url": null,
      "category4Url": null,
      "name": "Free Range X Large Eggs 12 pack",
      "brand": "Manning Valley",
      "brandAndName": "Manning Valley Free Range X Large Eggs 12 pack ",
      "volumeSize": "800g",
      "imageFileName": "25536.jpg",
      "collected": null,
      "available": null,
      "disableFromView": null,
      "preferredSupplier": null,
      "disableFromListory": null,
      "url": "manning-valley-free-range-x-large-eggs-12-pack-800-g",
      "supplierProducts": [
        {
          "supplierProductId": 1529,
          "supplierCode": "COLES",
          "supplierName": "Coles",
          "price": 6.8,
          "discount": 0,
          "percentDiscount": 0,
          "perGroupQuantity": 0,
          "perGroupPrice": 0,
          "weightDefinition": "g",
          "cupPrice": 8.5,
          "cupDefinition": "per kg",
          "cupWeight": 800,
          "cupString": "per kg",
          "available": true
        },
        {
          "supplierProductId": 25536,
          "supplierCode": "WOOLIES",
          "supplierName": "Woolworths",
          "price": 7,
          "discount": 0,
          "percentDiscount": 0,
          "perGroupQuantity": null,
          "perGroupPrice": null,
          "weightDefinition": "g",
          "cupPrice": 8.75,
          "cupDefinition": "per kg",
          "cupWeight": 800,
          "cupString": "per kg",
          "available": true
        }
      ]
    },
    {
      "id": 1531,
      "category": "Dairy & Eggs",
      "category1": null,
      "category2": "Eggs",
      "category3": "Free Range Eggs",
      "category4": null,
      "category1Url": null,
      "category2Url": null,
      "category3Url": null,
      "category4Url": null,
      "name": "Free Range Eggs 6 pack",
      "brand": "Coles",
      "brandAndName": "Coles Free Range Eggs 6 pack ",
      "volumeSize": "300g",
      "imageFileName": "1531.jpg",
      "collected": null,
      "available": null,
      "disableFromView": null,
      "preferredSupplier": null,
      "disableFromListory": null,
      "url": "coles-free-range-eggs-6-pack-300-g",
      "supplierProducts": [
        {
          "supplierProductId": 1531,
          "supplierCode": "COLES",
          "supplierName": "Coles",
          "price": 3,
          "discount": 0,
          "percentDiscount": 0,
          "perGroupQuantity": 0,
          "perGroupPrice": 0,
          "weightDefinition": "g",
          "cupPrice": 10,
          "cupDefinition": "per kg",
          "cupWeight": 300,
          "cupString": "per kg",
          "available": true
        }
      ]
    },
    {
      "id": 1532,
      "category": "Dairy & Eggs",
      "category1": null,
      "category2": "Eggs",
      "category3": "Free Range Eggs",
      "category4": null,
      "category1Url": null,
      "category2Url": null,
      "category3Url": null,
      "category4Url": null,
      "name": "Free Range Large Eggs 6 pack",
      "brand": "Manning Valley",
      "brandAndName": "Manning Valley Free Range Large Eggs 6 pack ",
      "volumeSize": "330g",
      "imageFileName": "1532.jpg",
      "collected": null,
      "available": null,
      "disableFromView": null,
      "preferredSupplier": null,
      "disableFromListory": null,
      "url": "manning-valley-free-range-large-eggs-6-pack-330-g",
      "supplierProducts": [
        {
          "supplierProductId": 1532,
          "supplierCode": "COLES",
          "supplierName": "Coles",
          "price": 3.6,
          "discount": 0,
          "percentDiscount": 0,
          "perGroupQuantity": null,
          "perGroupPrice": null,
          "weightDefinition": "g",
          "cupPrice": 10.91,
          "cupDefinition": "per kg",
          "cupWeight": 330,
          "cupString": "per kg",
          "available": true
        },
        {
          "supplierProductId": 25538,
          "supplierCode": "WOOLIES",
          "supplierName": "Woolworths",
          "price": 3.6,
          "discount": 0,
          "percentDiscount": 0,
          "perGroupQuantity": null,
          "perGroupPrice": null,
          "weightDefinition": "g",
          "cupPrice": 10.91,
          "cupDefinition": "per kg",
          "cupWeight": 330,
          "cupString": "per kg",
          "available": true
        }
      ]
    },
    {
      "id": 1533,
      "category": "Dairy & Eggs",
      "category1": null,
      "category2": "Eggs",
      "category3": "Free Range Eggs",
      "category4": null,
      "category1Url": null,
      "category2Url": null,
      "category3Url": null,
      "category4Url": null,
      "name": "Free Range X Large Eggs 12 pack",
      "brand": "Manning Valley",
      "brandAndName": "Manning Valley Free Range X Large Eggs 12 pack ",
      "volumeSize": "700g",
      "imageFileName": "25539.jpg",
      "collected": null,
      "available": null,
      "disableFromView": null,
      "preferredSupplier": null,
      "disableFromListory": null,
      "url": "manning-valley-free-range-x-large-eggs-12-pack-700-g",
      "supplierProducts": [
        {
          "supplierProductId": 1533,
          "supplierCode": "COLES",
          "supplierName": "Coles",
          "price": 6.35,
          "discount": 0,
          "percentDiscount": 0,
          "perGroupQuantity": null,
          "perGroupPrice": null,
          "weightDefinition": "g",
          "cupPrice": 9.07,
          "cupDefinition": "per kg",
          "cupWeight": 700,
          "cupString": "per kg",
          "available": true
        },
        {
          "supplierProductId": 25539,
          "supplierCode": "WOOLIES",
          "supplierName": "Woolworths",
          "price": 6.5,
          "discount": 0,
          "percentDiscount": 0,
          "perGroupQuantity": null,
          "perGroupPrice": null,
          "weightDefinition": "g",
          "cupPrice": 9.29,
          "cupDefinition": "per kg",
          "cupWeight": 700,
          "cupString": "per kg",
          "available": true
        }
      ]
    },
    {
      "id": 1534,
      "category": "Dairy & Eggs",
      "category1": null,
      "category2": "Eggs",
      "category3": "Free Range Eggs",
      "category4": null,
      "category1Url": null,
      "category2Url": null,
      "category3Url": null,
      "category4Url": null,
      "name": "Free Range X Large Eggs 12 pack",
      "brand": "Sunny Queen",
      "brandAndName": "Sunny Queen Free Range X Large Eggs 12 pack ",
      "volumeSize": "700g",
      "imageFileName": "1534.jpg",
      "collected": null,
      "available": null,
      "disableFromView": null,
      "preferredSupplier": null,
      "disableFromListory": null,
      "url": "sunny-queen-free-range-x-large-eggs-12-pack-700-g",
      "supplierProducts": [
        {
          "supplierProductId": 1534,
          "supplierCode": "COLES",
          "supplierName": "Coles",
          "price": 6.9,
          "discount": 0,
          "percentDiscount": 0,
          "perGroupQuantity": 0,
          "perGroupPrice": 0,
          "weightDefinition": "g",
          "cupPrice": 9.86,
          "cupDefinition": "per kg",
          "cupWeight": 700,
          "cupString": "per kg",
          "available": true
        }
      ]
    },
    {
      "id": 1542,
      "category": "Dairy & Eggs",
      "category1": null,
      "category2": "Eggs",
      "category3": "Free Range Eggs",
      "category4": null,
      "category1Url": null,
      "category2Url": null,
      "category3Url": null,
      "category4Url": null,
      "name": "Free Range Large Eggs 12 pack",
      "brand": "Manning Valley",
      "brandAndName": "Manning Valley Free Range Large Eggs 12 pack ",
      "volumeSize": "600g",
      "imageFileName": "25537.jpg",
      "collected": null,
      "available": null,
      "disableFromView": null,
      "preferredSupplier": null,
      "disableFromListory": null,
      "url": "manning-valley-free-range-large-eggs-12-pack-600-g",
      "supplierProducts": [
        {
          "supplierProductId": 1542,
          "supplierCode": "COLES",
          "supplierName": "Coles",
          "price": 5.7,
          "discount": 0,
          "percentDiscount": 0,
          "perGroupQuantity": null,
          "perGroupPrice": null,
          "weightDefinition": "g",
          "cupPrice": 9.5,
          "cupDefinition": "per kg",
          "cupWeight": 600,
          "cupString": "per kg",
          "available": true
        },
        {
          "supplierProductId": 25537,
          "supplierCode": "WOOLIES",
          "supplierName": "Woolworths",
          "price": 6,
          "discount": 0,
          "percentDiscount": 0,
          "perGroupQuantity": null,
          "perGroupPrice": null,
          "weightDefinition": "g",
          "cupPrice": 10,
          "cupDefinition": "per kg",
          "cupWeight": 600,
          "cupString": "per kg",
          "available": true
        }
      ]
    },
    {
      "id": 1544,
      "category": "Dairy & Eggs",
      "category1": null,
      "category2": "Eggs",
      "category3": "Free Range Eggs",
      "category4": null,
      "category1Url": null,
      "category2Url": null,
      "category3Url": null,
      "category4Url": null,
      "name": "Natural Living Free Range X Large Eggs 12 pack",
      "brand": "Pace Farm",
      "brandAndName": "Pace Farm Natural Living Free Range X Large Eggs 12 pack ",
      "volumeSize": "700g",
      "imageFileName": "25544.jpg",
      "collected": null,
      "available": null,
      "disableFromView": null,
      "preferredSupplier": null,
      "disableFromListory": null,
      "url": "pace-farm-natural-living-free-range-x-large-eggs-12-pack-700-g",
      "supplierProducts": [
        {
          "supplierProductId": 1544,
          "supplierCode": "COLES",
          "supplierName": "Coles",
          "price": 6.7,
          "discount": 0,
          "percentDiscount": 0,
          "perGroupQuantity": null,
          "perGroupPrice": null,
          "weightDefinition": "g",
          "cupPrice": 9.57,
          "cupDefinition": "per kg",
          "cupWeight": 700,
          "cupString": "per kg",
          "available": true
        },
        {
          "supplierProductId": 25544,
          "supplierCode": "WOOLIES",
          "supplierName": "Woolworths",
          "price": 6.5,
          "discount": 0,
          "percentDiscount": 0,
          "perGroupQuantity": null,
          "perGroupPrice": null,
          "weightDefinition": "g",
          "cupPrice": 9.29,
          "cupDefinition": "per kg",
          "cupWeight": 700,
          "cupString": "per kg",
          "available": true
        }
      ]
    },
    {
      "id": 1545,
      "category": "Dairy & Eggs",
      "category1": null,
      "category2": "Eggs",
      "category3": "Free Range Eggs",
      "category4": null,
      "category1Url": null,
      "category2Url": null,
      "category3Url": null,
      "category4Url": null,
      "name": "Free Range Large Eggs 12 pack",
      "brand": "Sunny Queen",
      "brandAndName": "Sunny Queen Free Range Large Eggs 12 pack ",
      "volumeSize": "600g",
      "imageFileName": "1545.jpg",
      "collected": null,
      "available": null,
      "disableFromView": null,
      "preferredSupplier": null,
      "disableFromListory": null,
      "url": "sunny-queen-free-range-large-eggs-12-pack-600-g",
      "supplierProducts": [
        {
          "supplierProductId": 1545,
          "supplierCode": "COLES",
          "supplierName": "Coles",
          "price": 6,
          "discount": 0,
          "percentDiscount": 0,
          "perGroupQuantity": 0,
          "perGroupPrice": 0,
          "weightDefinition": "g",
          "cupPrice": 10,
          "cupDefinition": "per kg",
          "cupWeight": 600,
          "cupString": "per kg",
          "available": true
        }
      ]
    },
    {
      "id": 1550,
      "category": "Dairy & Eggs",
      "category1": null,
      "category2": "Eggs",
      "category3": "Free Range Eggs",
      "category4": null,
      "category1Url": null,
      "category2Url": null,
      "category3Url": null,
      "category4Url": null,
      "name": "Natural Living Free Range Large Eggs 12 pack",
      "brand": "Pace Farm",
      "brandAndName": "Pace Farm Natural Living Free Range Large Eggs 12 pack ",
      "volumeSize": "600g",
      "imageFileName": "25546.jpg",
      "collected": null,
      "available": null,
      "disableFromView": null,
      "preferredSupplier": null,
      "disableFromListory": null,
      "url": "pace-farm-natural-living-free-range-large-eggs-12-pack-600-g",
      "supplierProducts": [
        {
          "supplierProductId": 1550,
          "supplierCode": "COLES",
          "supplierName": "Coles",
          "price": 6.2,
          "discount": 0,
          "percentDiscount": 0,
          "perGroupQuantity": null,
          "perGroupPrice": null,
          "weightDefinition": "g",
          "cupPrice": 10.33,
          "cupDefinition": "per kg",
          "cupWeight": 600,
          "cupString": "per kg",
          "available": true
        },
        {
          "supplierProductId": 25546,
          "supplierCode": "WOOLIES",
          "supplierName": "Woolworths",
          "price": 6,
          "discount": 0,
          "percentDiscount": 0,
          "perGroupQuantity": null,
          "perGroupPrice": null,
          "weightDefinition": "g",
          "cupPrice": 10,
          "cupDefinition": "per kg",
          "cupWeight": 600,
          "cupString": "per kg",
          "available": true
        }
      ]
    },
    {
      "id": 20471,
      "category": "Dairy & Eggs",
      "category1": null,
      "category2": "Eggs",
      "category3": "Free Range Eggs",
      "category4": null,
      "category1Url": null,
      "category2Url": null,
      "category3Url": null,
      "category4Url": null,
      "name": "Vegetarian Free Range X Large Eggs 12 pack",
      "brand": "Veggs",
      "brandAndName": "Veggs Vegetarian Free Range X Large Eggs 12 pack ",
      "volumeSize": "700g",
      "imageFileName": "25558.jpg",
      "collected": null,
      "available": null,
      "disableFromView": null,
      "preferredSupplier": null,
      "disableFromListory": null,
      "url": "veggs-vegetarian-free-range-x-large-eggs-12-pack-700-g",
      "supplierProducts": [
        {
          "supplierProductId": 25558,
          "supplierCode": "WOOLIES",
          "supplierName": "Woolworths",
          "price": 6.5,
          "discount": 0,
          "percentDiscount": 0,
          "perGroupQuantity": null,
          "perGroupPrice": null,
          "weightDefinition": "g",
          "cupPrice": 9.29,
          "cupDefinition": "per kg",
          "cupWeight": 700,
          "cupString": "per kg",
          "available": true
        }
      ]
    },
    {
      "id": 21968,
      "category": "Dairy & Eggs",
      "category1": null,
      "category2": "Eggs",
      "category3": "Free Range Eggs",
      "category4": null,
      "category1Url": null,
      "category2Url": null,
      "category3Url": null,
      "category4Url": null,
      "name": "Free Range Large Eggs 18 pack",
      "brand": "Sunny Queen",
      "brandAndName": "Sunny Queen Free Range Large Eggs 18 pack ",
      "volumeSize": "900g",
      "imageFileName": "21968.jpg",
      "collected": null,
      "available": null,
      "disableFromView": null,
      "preferredSupplier": null,
      "disableFromListory": null,
      "url": "sunny-queen-free-range-large-eggs-18-pack-900-g",
      "supplierProducts": [
        {
          "supplierProductId": 21968,
          "supplierCode": "COLES",
          "supplierName": "Coles",
          "price": 8.9,
          "discount": 0,
          "percentDiscount": 0,
          "perGroupQuantity": null,
          "perGroupPrice": null,
          "weightDefinition": "g",
          "cupPrice": 9.89,
          "cupDefinition": "per kg",
          "cupWeight": 900,
          "cupString": "per kg",
          "available": true
        },
        {
          "supplierProductId": 48825,
          "supplierCode": "WOOLIES",
          "supplierName": "Woolworths",
          "price": 9,
          "discount": 0,
          "percentDiscount": 0,
          "perGroupQuantity": null,
          "perGroupPrice": null,
          "weightDefinition": "g",
          "cupPrice": 10,
          "cupDefinition": "per kg",
          "cupWeight": 900,
          "cupString": "per kg",
          "available": true
        }
      ]
    },
    {
      "id": 23274,
      "category": "Dairy & Eggs",
      "category1": null,
      "category2": "Eggs",
      "category3": "Free Range Eggs",
      "category4": null,
      "category1Url": null,
      "category2Url": null,
      "category3Url": null,
      "category4Url": null,
      "name": "Natural Living Free Range Large Eggs 6 pack",
      "brand": "Pace Farm",
      "brandAndName": "Pace Farm Natural Living Free Range Large Eggs 6 pack ",
      "volumeSize": "330g",
      "imageFileName": "25545.jpg",
      "collected": null,
      "available": null,
      "disableFromView": null,
      "preferredSupplier": null,
      "disableFromListory": null,
      "url": "pace-farm-natural-living-free-range-large-eggs-6-pack-330-g",
      "supplierProducts": [
        {
          "supplierProductId": 25545,
          "supplierCode": "WOOLIES",
          "supplierName": "Woolworths",
          "price": 3.8,
          "discount": 0,
          "percentDiscount": 0,
          "perGroupQuantity": 0,
          "perGroupPrice": 0,
          "weightDefinition": "g",
          "cupPrice": 11.52,
          "cupDefinition": "per kg",
          "cupWeight": 330,
          "cupString": "per kg",
          "available": true
        }
      ]
    },
    {
      "id": 25543,
      "category": "Dairy & Eggs",
      "category1": null,
      "category2": "Eggs",
      "category3": "Free Range Eggs",
      "category4": null,
      "category1Url": null,
      "category2Url": null,
      "category3Url": null,
      "category4Url": null,
      "name": "Free Range Eggs Natural Living 12 pack",
      "brand": "Pace Farm",
      "brandAndName": "Pace Farm Free Range Eggs Natural Living 12 pack ",
      "volumeSize": "800g",
      "imageFileName": "25543.jpg",
      "collected": null,
      "available": null,
      "disableFromView": null,
      "preferredSupplier": null,
      "disableFromListory": null,
      "url": "pace-farm-free-range-eggs-natural-living-12-pack-800-g",
      "supplierProducts": [
        {
          "supplierProductId": 25543,
          "supplierCode": "WOOLIES",
          "supplierName": "Woolworths",
          "price": 7,
          "discount": 0,
          "percentDiscount": 0,
          "perGroupQuantity": null,
          "perGroupPrice": null,
          "weightDefinition": "g",
          "cupPrice": 8.75,
          "cupDefinition": "per kg",
          "cupWeight": 800,
          "cupString": "per kg",
          "available": true
        }
      ]
    },
    {
      "id": 25550,
      "category": "Dairy & Eggs",
      "category1": null,
      "category2": "Eggs",
      "category3": "Free Range Eggs",
      "category4": null,
      "category1Url": null,
      "category2Url": null,
      "category3Url": null,
      "category4Url": null,
      "name": "Free Range Eggs 18 pack",
      "brand": "Port Stephens",
      "brandAndName": "Port Stephens Free Range Eggs 18 pack ",
      "volumeSize": "900g",
      "imageFileName": "25550.jpg",
      "collected": null,
      "available": null,
      "disableFromView": null,
      "preferredSupplier": null,
      "disableFromListory": null,
      "url": "port-stephens-free-range-eggs-18-pack-900-g",
      "supplierProducts": [
        {
          "supplierProductId": 25550,
          "supplierCode": "WOOLIES",
          "supplierName": "Woolworths",
          "price": 8.5,
          "discount": 0,
          "percentDiscount": 0,
          "perGroupQuantity": null,
          "perGroupPrice": null,
          "weightDefinition": "g",
          "cupPrice": 9.44,
          "cupDefinition": "per kg",
          "cupWeight": 900,
          "cupString": "per kg",
          "available": true
        }
      ]
    },
    {
      "id": 25551,
      "category": "Dairy & Eggs",
      "category1": null,
      "category2": "Eggs",
      "category3": "Free Range Eggs",
      "category4": null,
      "category1Url": null,
      "category2Url": null,
      "category3Url": null,
      "category4Url": null,
      "name": "Free Range Eggs Jumbo 12 pack",
      "brand": "Port Stephens",
      "brandAndName": "Port Stephens Free Range Eggs Jumbo 12 pack ",
      "volumeSize": "800g",
      "imageFileName": "25551.jpg",
      "collected": null,
      "available": null,
      "disableFromView": null,
      "preferredSupplier": null,
      "disableFromListory": null,
      "url": "port-stephens-free-range-eggs-jumbo-12-pack-800-g",
      "supplierProducts": [
        {
          "supplierProductId": 25551,
          "supplierCode": "WOOLIES",
          "supplierName": "Woolworths",
          "price": 7,
          "discount": 0,
          "percentDiscount": 0,
          "perGroupQuantity": null,
          "perGroupPrice": null,
          "weightDefinition": "g",
          "cupPrice": 8.75,
          "cupDefinition": "per kg",
          "cupWeight": 800,
          "cupString": "per kg",
          "available": true
        }
      ]
    },
    {
      "id": 25560,
      "category": "Dairy & Eggs",
      "category1": null,
      "category2": "Eggs",
      "category3": "Free Range Eggs",
      "category4": null,
      "category1Url": null,
      "category2Url": null,
      "category3Url": null,
      "category4Url": null,
      "name": "Free Range Eggs 6 pack",
      "brand": "Woolworths Select",
      "brandAndName": "Woolworths Select Free Range Eggs 6 pack ",
      "volumeSize": "350g",
      "imageFileName": "25560.jpg",
      "collected": null,
      "available": null,
      "disableFromView": null,
      "preferredSupplier": null,
      "disableFromListory": null,
      "url": "woolworths-select-free-range-eggs-6-pack-350-g",
      "supplierProducts": [
        {
          "supplierProductId": 25560,
          "supplierCode": "WOOLIES",
          "supplierName": "Woolworths",
          "price": 3.4,
          "discount": 0,
          "percentDiscount": 0,
          "perGroupQuantity": null,
          "perGroupPrice": null,
          "weightDefinition": "g",
          "cupPrice": 9.71,
          "cupDefinition": "per kg",
          "cupWeight": 350,
          "cupString": "per kg",
          "available": true
        }
      ]
    },
    {
      "id": 57880,
      "category": "Dairy & Eggs",
      "category1": null,
      "category2": "Eggs",
      "category3": "Free Range Eggs",
      "category4": null,
      "category1Url": null,
      "category2Url": null,
      "category3Url": null,
      "category4Url": null,
      "name": "Free Range Eggs 12 pack",
      "brand": "Happy Chicken",
      "brandAndName": "Happy Chicken Free Range Eggs 12 pack ",
      "volumeSize": "700g",
      "imageFileName": null,
      "collected": null,
      "available": null,
      "disableFromView": null,
      "preferredSupplier": null,
      "disableFromListory": null,
      "url": "happy-chicken-free-range-eggs-12-pack-700-g",
      "supplierProducts": [
        {
          "supplierProductId": 56862,
          "supplierCode": "COLES",
          "supplierName": "Coles",
          "price": 7.5,
          "discount": 0,
          "percentDiscount": 0,
          "perGroupQuantity": null,
          "perGroupPrice": null,
          "weightDefinition": "g",
          "cupPrice": 10.71,
          "cupDefinition": "per kg",
          "cupWeight": 700,
          "cupString": "per kg",
          "available": true
        }
      ]
    },
    {
      "id": 57882,
      "category": "Dairy & Eggs",
      "category1": null,
      "category2": "Eggs",
      "category3": "Free Range Eggs",
      "category4": null,
      "category1Url": null,
      "category2Url": null,
      "category3Url": null,
      "category4Url": null,
      "name": "Free Range Eggs 12 pack",
      "brand": "Happy Chicken",
      "brandAndName": "Happy Chicken Free Range Eggs 12 pack ",
      "volumeSize": "600g",
      "imageFileName": null,
      "collected": null,
      "available": null,
      "disableFromView": null,
      "preferredSupplier": null,
      "disableFromListory": null,
      "url": "happy-chicken-free-range-eggs-12-pack-600-g",
      "supplierProducts": [
        {
          "supplierProductId": 56864,
          "supplierCode": "COLES",
          "supplierName": "Coles",
          "price": 7,
          "discount": 0,
          "percentDiscount": 0,
          "perGroupQuantity": null,
          "perGroupPrice": null,
          "weightDefinition": "g",
          "cupPrice": 11.67,
          "cupDefinition": "per kg",
          "cupWeight": 600,
          "cupString": "per kg",
          "available": true
        }
      ]
    },
    {
      "id": 89936,
      "category": "Dairy & Eggs",
      "category1": null,
      "category2": "Eggs",
      "category3": "Free Range Eggs",
      "category4": null,
      "category1Url": null,
      "category2Url": null,
      "category3Url": null,
      "category4Url": null,
      "name": "Free Range Eggs 15 pack",
      "brand": "Family Value",
      "brandAndName": "Family Value Free Range Eggs 15 pack ",
      "volumeSize": "885g",
      "imageFileName": "25529.jpg",
      "collected": null,
      "available": null,
      "disableFromView": null,
      "preferredSupplier": null,
      "disableFromListory": null,
      "url": "family-value-free-range-eggs-15-pack-885-g",
      "supplierProducts": [
        {
          "supplierProductId": 25529,
          "supplierCode": "WOOLIES",
          "supplierName": "Woolworths",
          "price": 8,
          "discount": 0,
          "percentDiscount": 0,
          "perGroupQuantity": null,
          "perGroupPrice": null,
          "weightDefinition": "g",
          "cupPrice": 9.04,
          "cupDefinition": "per kg",
          "cupWeight": 885,
          "cupString": "per kg",
          "available": true
        }
      ]
    }
  ],
  "isLastPage": true,
  "ageRestriction": null,
  "postcode": 411,
  "hasDOB": false,
  "underAge": false,
  "filters": [
    {
      "code": "BRAND",
      "metaDatas": [
        {
          "name": "Coles",
          "url": null,
          "count": 4,
          "id": null,
          "parentId": null,
          "level": null
        },
        {
          "name": "Family Value",
          "url": null,
          "count": 1,
          "id": null,
          "parentId": null,
          "level": null
        },
        {
          "name": "Happy Chicken",
          "url": null,
          "count": 2,
          "id": null,
          "parentId": null,
          "level": null
        },
        {
          "name": "Manning Valley",
          "url": null,
          "count": 4,
          "id": null,
          "parentId": null,
          "level": null
        },
        {
          "name": "Pace Farm",
          "url": null,
          "count": 4,
          "id": null,
          "parentId": null,
          "level": null
        },
        {
          "name": "Port Stephens",
          "url": null,
          "count": 2,
          "id": null,
          "parentId": null,
          "level": null
        },
        {
          "name": "Sunny Queen",
          "url": null,
          "count": 3,
          "id": null,
          "parentId": null,
          "level": null
        },
        {
          "name": "Veggs",
          "url": null,
          "count": 1,
          "id": null,
          "parentId": null,
          "level": null
        },
        {
          "name": "Woolworths Select",
          "url": null,
          "count": 1,
          "id": null,
          "parentId": null,
          "level": null
        }
      ]
    },
    {
      "code": "CATEGORY1",
      "metaDatas": [
        {
          "name": "Dairy & Eggs",
          "url": "dairy-eggs",
          "count": 22,
          "id": 40138,
          "parentId": null,
          "level": 1
        }
      ]
    },
    {
      "code": "CATEGORY2",
      "metaDatas": [
        {
          "name": "Eggs",
          "url": "eggs",
          "count": 22,
          "id": 40249,
          "parentId": 40138,
          "level": 2
        }
      ]
    },
    {
      "code": "CATEGORY3",
      "metaDatas": [
        {
          "name": "Free Range Eggs",
          "url": "free-range-eggs",
          "count": 22,
          "id": 40250,
          "parentId": 40249,
          "level": 2
        }
      ]
    },
    {
      "code": "VOLUMESIZE",
      "metaDatas": [
        {
          "name": "300g ",
          "url": null,
          "count": 1,
          "id": null,
          "parentId": null,
          "level": 0
        },
        {
          "name": "330g ",
          "url": null,
          "count": 2,
          "id": null,
          "parentId": null,
          "level": 0
        },
        {
          "name": "350g ",
          "url": null,
          "count": 1,
          "id": null,
          "parentId": null,
          "level": 0
        },
        {
          "name": "600g ",
          "url": null,
          "count": 5,
          "id": null,
          "parentId": null,
          "level": 0
        },
        {
          "name": "700g ",
          "url": null,
          "count": 6,
          "id": null,
          "parentId": null,
          "level": 0
        },
        {
          "name": "800g ",
          "url": null,
          "count": 4,
          "id": null,
          "parentId": null,
          "level": 0
        },
        {
          "name": "885g ",
          "url": null,
          "count": 1,
          "id": null,
          "parentId": null,
          "level": 0
        },
        {
          "name": "900g ",
          "url": null,
          "count": 2,
          "id": null,
          "parentId": null,
          "level": 0
        }
      ]
    }
  ]
}
