{
  "hits": 35,
  "items": [
    {
      "id": 2073,
      "category": "Dairy & Eggs",
      "category1": null,
      "category2": "Butter & Margarine",
      "category3": "Butter",
      "category4": null,
      "category1Url": null,
      "category2Url": null,
      "category3Url": null,
      "category4Url": null,
      "name": "Traditional Spreadable Butter Blend",
      "brand": "Western Star",
      "brandAndName": "Western Star Traditional Spreadable Butter Blend ",
      "volumeSize": "500g",
      "imageFileName": "26285.jpg",
      "collected": null,
      "available": null,
      "disableFromView": null,
      "preferredSupplier": null,
      "disableFromListory": null,
      "url": "western-star-traditional-spreadable-butter-blend-500-g",
      "supplierProducts": [
        {
          "supplierProductId": 2073,
          "supplierCode": "COLES",
          "supplierName": "Coles",
          "price": 5.8,
          "discount": 0,
          "percentDiscount": 0,
          "perGroupQuantity": null,
          "perGroupPrice": null,
          "weightDefinition": "g",
          "cupPrice": 11.6,
          "cupDefinition": "per kg",
          "cupWeight": 500,
          "cupString": "per kg",
          "available": true
        },
        {
          "supplierProductId": 26285,
          "supplierCode": "WOOLIES",
          "supplierName": "Woolworths",
          "price": 5.8,
          "discount": 0,
          "percentDiscount": 0,
          "perGroupQuantity": null,
          "perGroupPrice": null,
          "weightDefinition": "g",
          "cupPrice": 11.6,
          "cupDefinition": "per kg",
          "cupWeight": 500,
          "cupString": "per kg",
          "available": true
        }
      ]
    },
    {
      "id": 2076,
      "category": "Dairy & Eggs",
      "category1": null,
      "category2": "Butter & Margarine",
      "category3": "Butter",
      "category4": null,
      "category1Url": null,
      "category2Url": null,
      "category3Url": null,
      "category4Url": null,
      "name": "Extra Soft Regular Butter Blend",
      "brand": "Devondale",
      "brandAndName": "Devondale Extra Soft Regular Butter Blend ",
      "volumeSize": "500g",
      "imageFileName": "26221.jpg",
      "collected": null,
      "available": null,
      "disableFromView": null,
      "preferredSupplier": null,
      "disableFromListory": null,
      "url": "devondale-extra-soft-regular-butter-blend-500-g",
      "supplierProducts": [
        {
          "supplierProductId": 2076,
          "supplierCode": "COLES",
          "supplierName": "Coles",
          "price": 5,
          "discount": 0,
          "percentDiscount": 0,
          "perGroupQuantity": null,
          "perGroupPrice": null,
          "weightDefinition": "g",
          "cupPrice": 10,
          "cupDefinition": "per kg",
          "cupWeight": 500,
          "cupString": "per kg",
          "available": true
        },
        {
          "supplierProductId": 26221,
          "supplierCode": "WOOLIES",
          "supplierName": "Woolworths",
          "price": 5,
          "discount": 0,
          "percentDiscount": 0,
          "perGroupQuantity": null,
          "perGroupPrice": null,
          "weightDefinition": "g",
          "cupPrice": 10,
          "cupDefinition": "per kg",
          "cupWeight": 500,
          "cupString": "per kg",
          "available": true
        }
      ]
    },
    {
      "id": 2079,
      "category": "Dairy & Eggs",
      "category1": null,
      "category2": "Butter & Margarine",
      "category3": "Butter",
      "category4": null,
      "category1Url": null,
      "category2Url": null,
      "category3Url": null,
      "category4Url": null,
      "name": "Soft Butter",
      "brand": "Mainland",
      "brandAndName": "Mainland Soft Butter ",
      "volumeSize": "375g",
      "imageFileName": "26258.jpg",
      "collected": null,
      "available": null,
      "disableFromView": null,
      "preferredSupplier": null,
      "disableFromListory": null,
      "url": "mainland-soft-butter-375-g",
      "supplierProducts": [
        {
          "supplierProductId": 2079,
          "supplierCode": "COLES",
          "supplierName": "Coles",
          "price": 6.29,
          "discount": 0,
          "percentDiscount": 0,
          "perGroupQuantity": null,
          "perGroupPrice": null,
          "weightDefinition": "g",
          "cupPrice": 16.77,
          "cupDefinition": "per kg",
          "cupWeight": 375,
          "cupString": "per kg",
          "available": true
        },
        {
          "supplierProductId": 26258,
          "supplierCode": "WOOLIES",
          "supplierName": "Woolworths",
          "price": 6.3,
          "discount": 0,
          "percentDiscount": 0,
          "perGroupQuantity": null,
          "perGroupPrice": null,
          "weightDefinition": "g",
          "cupPrice": 16.8,
          "cupDefinition": "per kg",
          "cupWeight": 375,
          "cupString": "per kg",
          "available": true
        }
      ]
    },
    {
      "id": 2080,
      "category": "Dairy & Eggs",
      "category1": null,
      "category2": "Butter & Margarine",
      "category3": "Butter",
      "category4": null,
      "category1Url": null,
      "category2Url": null,
      "category3Url": null,
      "category4Url": null,
      "name": "With Butter & Sea Salt",
      "brand": "Flora",
      "brandAndName": "Flora With Butter & Sea Salt ",
      "volumeSize": "400g",
      "imageFileName": "26237.jpg",
      "collected": null,
      "available": null,
      "disableFromView": null,
      "preferredSupplier": null,
      "disableFromListory": null,
      "url": "flora-with-butter-and-sea-salt-400-g",
      "supplierProducts": [
        {
          "supplierProductId": 2080,
          "supplierCode": "COLES",
          "supplierName": "Coles",
          "price": 4.3,
          "discount": 0,
          "percentDiscount": 0,
          "perGroupQuantity": null,
          "perGroupPrice": null,
          "weightDefinition": "g",
          "cupPrice": 10.75,
          "cupDefinition": "per kg",
          "cupWeight": 400,
          "cupString": "per kg",
          "available": true
        },
        {
          "supplierProductId": 26237,
          "supplierCode": "WOOLIES",
          "supplierName": "Woolworths",
          "price": 4.3,
          "discount": 0,
          "percentDiscount": 0,
          "perGroupQuantity": null,
          "perGroupPrice": null,
          "weightDefinition": "g",
          "cupPrice": 10.75,
          "cupDefinition": "per kg",
          "cupWeight": 400,
          "cupString": "per kg",
          "available": true
        }
      ]
    },
    {
      "id": 2082,
      "category": "Dairy & Eggs",
      "category1": null,
      "category2": "Butter & Margarine",
      "category3": "Butter",
      "category4": null,
      "category1Url": null,
      "category2Url": null,
      "category3Url": null,
      "category4Url": null,
      "name": "Butter Pat",
      "brand": "Western Star",
      "brandAndName": "Western Star Butter Pat ",
      "volumeSize": "250g",
      "imageFileName": "26282.jpg",
      "collected": null,
      "available": null,
      "disableFromView": null,
      "preferredSupplier": null,
      "disableFromListory": null,
      "url": "western-star-butter-pat-250-g",
      "supplierProducts": [
        {
          "supplierProductId": 2082,
          "supplierCode": "COLES",
          "supplierName": "Coles",
          "price": 2.8,
          "discount": 0,
          "percentDiscount": 0,
          "perGroupQuantity": null,
          "perGroupPrice": null,
          "weightDefinition": "g",
          "cupPrice": 11.2,
          "cupDefinition": "per kg",
          "cupWeight": 250,
          "cupString": "per kg",
          "available": true
        },
        {
          "supplierProductId": 26282,
          "supplierCode": "WOOLIES",
          "supplierName": "Woolworths",
          "price": 2.8,
          "discount": 0,
          "percentDiscount": 0,
          "perGroupQuantity": null,
          "perGroupPrice": null,
          "weightDefinition": "g",
          "cupPrice": 11.2,
          "cupDefinition": "per kg",
          "cupWeight": 250,
          "cupString": "per kg",
          "available": true
        }
      ]
    },
    {
      "id": 2086,
      "category": "Dairy & Eggs",
      "category1": null,
      "category2": "Butter & Margarine",
      "category3": "Butter",
      "category4": null,
      "category1Url": null,
      "category2Url": null,
      "category3Url": null,
      "category4Url": null,
      "name": "Original Butter Blend",
      "brand": "Coles",
      "brandAndName": "Coles Original Butter Blend ",
      "volumeSize": "500g",
      "imageFileName": "2086.jpg",
      "collected": null,
      "available": null,
      "disableFromView": null,
      "preferredSupplier": null,
      "disableFromListory": null,
      "url": "coles-original-butter-blend-500-g",
      "supplierProducts": [
        {
          "supplierProductId": 2086,
          "supplierCode": "COLES",
          "supplierName": "Coles",
          "price": 3.3,
          "discount": 0,
          "percentDiscount": 0,
          "perGroupQuantity": null,
          "perGroupPrice": null,
          "weightDefinition": "g",
          "cupPrice": 6.6,
          "cupDefinition": "per kg",
          "cupWeight": 500,
          "cupString": "per kg",
          "available": true
        }
      ]
    },
    {
      "id": 2087,
      "category": "Dairy & Eggs",
      "category1": null,
      "category2": "Butter & Margarine",
      "category3": "Butter",
      "category4": null,
      "category1Url": null,
      "category2Url": null,
      "category3Url": null,
      "category4Url": null,
      "name": "Supersoft Spreadable Butter Blend",
      "brand": "Western Star",
      "brandAndName": "Western Star Supersoft Spreadable Butter Blend ",
      "volumeSize": "500g",
      "imageFileName": "26287.jpg",
      "collected": null,
      "available": null,
      "disableFromView": null,
      "preferredSupplier": null,
      "disableFromListory": null,
      "url": "western-star-supersoft-spreadable-butter-blend-500-g",
      "supplierProducts": [
        {
          "supplierProductId": 26287,
          "supplierCode": "WOOLIES",
          "supplierName": "Woolworths",
          "price": 5.8,
          "discount": 0,
          "percentDiscount": 0,
          "perGroupQuantity": null,
          "perGroupPrice": null,
          "weightDefinition": "g",
          "cupPrice": 11.6,
          "cupDefinition": "per kg",
          "cupWeight": 500,
          "cupString": "per kg",
          "available": true
        },
        {
          "supplierProductId": 2087,
          "supplierCode": "COLES",
          "supplierName": "Coles",
          "price": 5.8,
          "discount": 0,
          "percentDiscount": 0,
          "perGroupQuantity": null,
          "perGroupPrice": null,
          "weightDefinition": "g",
          "cupPrice": 11.6,
          "cupDefinition": "per kg",
          "cupWeight": 500,
          "cupString": "per kg",
          "available": true
        }
      ]
    },
    {
      "id": 2092,
      "category": "Dairy & Eggs",
      "category1": null,
      "category2": "Butter & Margarine",
      "category3": "Butter",
      "category4": null,
      "category1Url": null,
      "category2Url": null,
      "category3Url": null,
      "category4Url": null,
      "name": "Soft Butter Blend Tub",
      "brand": "Devondale",
      "brandAndName": "Devondale Soft Butter Blend Tub ",
      "volumeSize": "500g",
      "imageFileName": "26217.jpg",
      "collected": null,
      "available": null,
      "disableFromView": null,
      "preferredSupplier": null,
      "disableFromListory": null,
      "url": "devondale-soft-butter-blend-tub-500-g",
      "supplierProducts": [
        {
          "supplierProductId": 2092,
          "supplierCode": "COLES",
          "supplierName": "Coles",
          "price": 5,
          "discount": 0,
          "percentDiscount": 0,
          "perGroupQuantity": null,
          "perGroupPrice": null,
          "weightDefinition": "g",
          "cupPrice": 10,
          "cupDefinition": "per kg",
          "cupWeight": 500,
          "cupString": "per kg",
          "available": true
        },
        {
          "supplierProductId": 26217,
          "supplierCode": "WOOLIES",
          "supplierName": "Woolworths",
          "price": 5,
          "discount": 0,
          "percentDiscount": 0,
          "perGroupQuantity": null,
          "perGroupPrice": null,
          "weightDefinition": "g",
          "cupPrice": 10,
          "cupDefinition": "per kg",
          "cupWeight": 500,
          "cupString": "per kg",
          "available": true
        }
      ]
    },
    {
      "id": 2094,
      "category": "Dairy & Eggs",
      "category1": null,
      "category2": "Butter & Margarine",
      "category3": "Butter",
      "category4": null,
      "category1Url": null,
      "category2Url": null,
      "category3Url": null,
      "category4Url": null,
      "name": "Organic Butter",
      "brand": "Mainland",
      "brandAndName": "Mainland Organic Butter ",
      "volumeSize": "250g",
      "imageFileName": "26259.jpg",
      "collected": null,
      "available": null,
      "disableFromView": null,
      "preferredSupplier": null,
      "disableFromListory": null,
      "url": "mainland-organic-butter-250-g",
      "supplierProducts": [
        {
          "supplierProductId": 2094,
          "supplierCode": "COLES",
          "supplierName": "Coles",
          "price": 5.39,
          "discount": 0,
          "percentDiscount": 0,
          "perGroupQuantity": null,
          "perGroupPrice": null,
          "weightDefinition": "g",
          "cupPrice": 21.56,
          "cupDefinition": "per kg",
          "cupWeight": 250,
          "cupString": "per kg",
          "available": true
        },
        {
          "supplierProductId": 26259,
          "supplierCode": "WOOLIES",
          "supplierName": "Woolworths",
          "price": 5.4,
          "discount": 0,
          "percentDiscount": 0,
          "perGroupQuantity": null,
          "perGroupPrice": null,
          "weightDefinition": "g",
          "cupPrice": 21.6,
          "cupDefinition": "per kg",
          "cupWeight": 250,
          "cupString": "per kg",
          "available": true
        }
      ]
    },
    {
      "id": 2098,
      "category": "Dairy & Eggs",
      "category1": null,
      "category2": "Butter & Margarine",
      "category3": "Butter",
      "category4": null,
      "category1Url": null,
      "category2Url": null,
      "category3Url": null,
      "category4Url": null,
      "name": "Butter Pat",
      "brand": "Western Star",
      "brandAndName": "Western Star Butter Pat ",
      "volumeSize": "500g",
      "imageFileName": "26283.jpg",
      "collected": null,
      "available": null,
      "disableFromView": null,
      "preferredSupplier": null,
      "disableFromListory": null,
      "url": "western-star-butter-pat-500-g",
      "supplierProducts": [
        {
          "supplierProductId": 26283,
          "supplierCode": "WOOLIES",
          "supplierName": "Woolworths",
          "price": 5,
          "discount": 0,
          "percentDiscount": 0,
          "perGroupQuantity": null,
          "perGroupPrice": null,
          "weightDefinition": "g",
          "cupPrice": 10,
          "cupDefinition": "per kg",
          "cupWeight": 500,
          "cupString": "per kg",
          "available": true
        }
      ]
    },
    {
      "id": 2099,
      "category": "Dairy & Eggs",
      "category1": null,
      "category2": "Butter & Margarine",
      "category3": "Butter",
      "category4": null,
      "category1Url": null,
      "category2Url": null,
      "category3Url": null,
      "category4Url": null,
      "name": "Butter Pat",
      "brand": "Allowrie",
      "brandAndName": "Allowrie Butter Pat ",
      "volumeSize": "250g",
      "imageFileName": "26206.jpg",
      "collected": null,
      "available": null,
      "disableFromView": null,
      "preferredSupplier": null,
      "disableFromListory": null,
      "url": "allowrie-butter-pat-250-g",
      "supplierProducts": [
        {
          "supplierProductId": 26206,
          "supplierCode": "WOOLIES",
          "supplierName": "Woolworths",
          "price": 3.5,
          "discount": 0,
          "percentDiscount": 0,
          "perGroupQuantity": null,
          "perGroupPrice": null,
          "weightDefinition": "g",
          "cupPrice": 14,
          "cupDefinition": "per kg",
          "cupWeight": 250,
          "cupString": "per kg",
          "available": true
        },
        {
          "supplierProductId": 2099,
          "supplierCode": "COLES",
          "supplierName": "Coles",
          "price": 3.5,
          "discount": 0,
          "percentDiscount": 0,
          "perGroupQuantity": null,
          "perGroupPrice": null,
          "weightDefinition": "g",
          "cupPrice": 14,
          "cupDefinition": "per kg",
          "cupWeight": 250,
          "cupString": "per kg",
          "available": true
        }
      ]
    },
    {
      "id": 2100,
      "category": "Dairy & Eggs",
      "category1": null,
      "category2": "Butter & Margarine",
      "category3": "Butter",
      "category4": null,
      "category1Url": null,
      "category2Url": null,
      "category3Url": null,
      "category4Url": null,
      "name": "Salt Reduced Soft Butter Blend Tub",
      "brand": "Devondale",
      "brandAndName": "Devondale Salt Reduced Soft Butter Blend Tub ",
      "volumeSize": "500g",
      "imageFileName": "26219.jpg",
      "collected": null,
      "available": null,
      "disableFromView": null,
      "preferredSupplier": null,
      "disableFromListory": null,
      "url": "devondale-salt-reduced-soft-butter-blend-tub-500-g",
      "supplierProducts": [
        {
          "supplierProductId": 2100,
          "supplierCode": "COLES",
          "supplierName": "Coles",
          "price": 5,
          "discount": 0,
          "percentDiscount": 0,
          "perGroupQuantity": null,
          "perGroupPrice": null,
          "weightDefinition": "g",
          "cupPrice": 10,
          "cupDefinition": "per kg",
          "cupWeight": 500,
          "cupString": "per kg",
          "available": true
        },
        {
          "supplierProductId": 26219,
          "supplierCode": "WOOLIES",
          "supplierName": "Woolworths",
          "price": 5,
          "discount": 0,
          "percentDiscount": 0,
          "perGroupQuantity": null,
          "perGroupPrice": null,
          "weightDefinition": "g",
          "cupPrice": 10,
          "cupDefinition": "per kg",
          "cupWeight": 500,
          "cupString": "per kg",
          "available": true
        }
      ]
    },
    {
      "id": 2101,
      "category": "Dairy & Eggs",
      "category1": null,
      "category2": "Butter & Margarine",
      "category3": "Butter",
      "category4": null,
      "category1Url": null,
      "category2Url": null,
      "category3Url": null,
      "category4Url": null,
      "name": "Soft Butter Less Salt",
      "brand": "Mainland",
      "brandAndName": "Mainland Soft Butter Less Salt ",
      "volumeSize": "375g",
      "imageFileName": "26257.jpg",
      "collected": null,
      "available": null,
      "disableFromView": null,
      "preferredSupplier": null,
      "disableFromListory": null,
      "url": "mainland-soft-butter-less-salt-375-g",
      "supplierProducts": [
        {
          "supplierProductId": 2101,
          "supplierCode": "COLES",
          "supplierName": "Coles",
          "price": 6.29,
          "discount": 0,
          "percentDiscount": 0,
          "perGroupQuantity": null,
          "perGroupPrice": null,
          "weightDefinition": "g",
          "cupPrice": 16.77,
          "cupDefinition": "per kg",
          "cupWeight": 375,
          "cupString": "per kg",
          "available": true
        },
        {
          "supplierProductId": 26257,
          "supplierCode": "WOOLIES",
          "supplierName": "Woolworths",
          "price": 6.3,
          "discount": 0,
          "percentDiscount": 0,
          "perGroupQuantity": null,
          "perGroupPrice": null,
          "weightDefinition": "g",
          "cupPrice": 16.8,
          "cupDefinition": "per kg",
          "cupWeight": 375,
          "cupString": "per kg",
          "available": true
        }
      ]
    },
    {
      "id": 2102,
      "category": "Dairy & Eggs",
      "category1": null,
      "category2": "Butter & Margarine",
      "category3": "Butter",
      "category4": null,
      "category1Url": null,
      "category2Url": null,
      "category3Url": null,
      "category4Url": null,
      "name": "Traditional Spreadable Butter Blend",
      "brand": "Western Star",
      "brandAndName": "Western Star Traditional Spreadable Butter Blend ",
      "volumeSize": "375g",
      "imageFileName": "26284.jpg",
      "collected": null,
      "available": null,
      "disableFromView": null,
      "preferredSupplier": null,
      "disableFromListory": null,
      "url": "western-star-traditional-spreadable-butter-blend-375-g",
      "supplierProducts": [
        {
          "supplierProductId": 26284,
          "supplierCode": "WOOLIES",
          "supplierName": "Woolworths",
          "price": 4.8,
          "discount": 0,
          "percentDiscount": 0,
          "perGroupQuantity": null,
          "perGroupPrice": null,
          "weightDefinition": "g",
          "cupPrice": 12.8,
          "cupDefinition": "per kg",
          "cupWeight": 375,
          "cupString": "per kg",
          "available": true
        }
      ]
    },
    {
      "id": 2103,
      "category": "Dairy & Eggs",
      "category1": null,
      "category2": "Butter & Margarine",
      "category3": "Butter",
      "category4": null,
      "category1Url": null,
      "category2Url": null,
      "category3Url": null,
      "category4Url": null,
      "name": "Soft 'N Less Salt Spreadable Salt Reduced Butter Blend",
      "brand": "Western Star",
      "brandAndName": "Western Star Soft 'N Less Salt Spreadable Salt Reduced Butter Blend ",
      "volumeSize": "500g",
      "imageFileName": "26286.jpg",
      "collected": null,
      "available": null,
      "disableFromView": null,
      "preferredSupplier": null,
      "disableFromListory": null,
      "url": "western-star-soft-\"n-less-salt-spreadable-salt-reduced-butter-blend-500-g",
      "supplierProducts": [
        {
          "supplierProductId": 26286,
          "supplierCode": "WOOLIES",
          "supplierName": "Woolworths",
          "price": 5.8,
          "discount": 0,
          "percentDiscount": 0,
          "perGroupQuantity": null,
          "perGroupPrice": null,
          "weightDefinition": "g",
          "cupPrice": 11.6,
          "cupDefinition": "per kg",
          "cupWeight": 500,
          "cupString": "per kg",
          "available": true
        },
        {
          "supplierProductId": 2103,
          "supplierCode": "COLES",
          "supplierName": "Coles",
          "price": 5.8,
          "discount": 0,
          "percentDiscount": 0,
          "perGroupQuantity": null,
          "perGroupPrice": null,
          "weightDefinition": "g",
          "cupPrice": 11.6,
          "cupDefinition": "per kg",
          "cupWeight": 500,
          "cupString": "per kg",
          "available": true
        }
      ]
    },
    {
      "id": 2104,
      "category": "Dairy & Eggs",
      "category1": null,
      "category2": "Butter & Margarine",
      "category3": "Butter",
      "category4": null,
      "category1Url": null,
      "category2Url": null,
      "category3Url": null,
      "category4Url": null,
      "name": "Light Spread",
      "brand": "Devondale",
      "brandAndName": "Devondale Light Spread ",
      "volumeSize": "500g",
      "imageFileName": "2104.jpg",
      "collected": null,
      "available": null,
      "disableFromView": null,
      "preferredSupplier": null,
      "disableFromListory": null,
      "url": "devondale-light-spread-500-g",
      "supplierProducts": [
        {
          "supplierProductId": 26223,
          "supplierCode": "WOOLIES",
          "supplierName": "Woolworths",
          "price": 5,
          "discount": 0,
          "percentDiscount": 0,
          "perGroupQuantity": null,
          "perGroupPrice": null,
          "weightDefinition": "g",
          "cupPrice": 10,
          "cupDefinition": "per kg",
          "cupWeight": 500,
          "cupString": "per kg",
          "available": true
        },
        {
          "supplierProductId": 2104,
          "supplierCode": "COLES",
          "supplierName": "Coles",
          "price": 5,
          "discount": 0,
          "percentDiscount": 0,
          "perGroupQuantity": null,
          "perGroupPrice": null,
          "weightDefinition": "g",
          "cupPrice": 10,
          "cupDefinition": "per kg",
          "cupWeight": 500,
          "cupString": "per kg",
          "available": true
        }
      ]
    },
    {
      "id": 2107,
      "category": "Dairy & Eggs",
      "category1": null,
      "category2": "Butter & Margarine",
      "category3": "Butter",
      "category4": null,
      "category1Url": null,
      "category2Url": null,
      "category3Url": null,
      "category4Url": null,
      "name": "With Butter & Sea Salt",
      "brand": "Bertolli",
      "brandAndName": "Bertolli With Butter & Sea Salt ",
      "volumeSize": "400g",
      "imageFileName": "26211.jpg",
      "collected": null,
      "available": null,
      "disableFromView": null,
      "preferredSupplier": null,
      "disableFromListory": null,
      "url": "bertolli-with-butter-and-sea-salt-400-g",
      "supplierProducts": [
        {
          "supplierProductId": 2107,
          "supplierCode": "COLES",
          "supplierName": "Coles",
          "price": 5,
          "discount": 0,
          "percentDiscount": 0,
          "perGroupQuantity": null,
          "perGroupPrice": null,
          "weightDefinition": "g",
          "cupPrice": 12.5,
          "cupDefinition": "per kg",
          "cupWeight": 400,
          "cupString": "per kg",
          "available": true
        }
      ]
    },
    {
      "id": 2108,
      "category": "Dairy & Eggs",
      "category1": null,
      "category2": "Butter & Margarine",
      "category3": "Butter",
      "category4": null,
      "category1Url": null,
      "category2Url": null,
      "category3Url": null,
      "category4Url": null,
      "name": "Organic Spreadable",
      "brand": "Mainland",
      "brandAndName": "Mainland Organic Spreadable ",
      "volumeSize": "250g",
      "imageFileName": "26260.jpg",
      "collected": null,
      "available": null,
      "disableFromView": null,
      "preferredSupplier": null,
      "disableFromListory": null,
      "url": "mainland-organic-spreadable-250-g",
      "supplierProducts": [
        {
          "supplierProductId": 26260,
          "supplierCode": "WOOLIES",
          "supplierName": "Woolworths",
          "price": 5.95,
          "discount": 0,
          "percentDiscount": 0,
          "perGroupQuantity": null,
          "perGroupPrice": null,
          "weightDefinition": "g",
          "cupPrice": 23.8,
          "cupDefinition": "per kg",
          "cupWeight": 250,
          "cupString": "per kg",
          "available": true
        },
        {
          "supplierProductId": 2108,
          "supplierCode": "COLES",
          "supplierName": "Coles",
          "price": 5.8,
          "discount": 0,
          "percentDiscount": 0,
          "perGroupQuantity": null,
          "perGroupPrice": null,
          "weightDefinition": "g",
          "cupPrice": 23.2,
          "cupDefinition": "per kg",
          "cupWeight": 250,
          "cupString": "per kg",
          "available": true
        }
      ]
    },
    {
      "id": 2119,
      "category": "Dairy & Eggs",
      "category1": null,
      "category2": "Butter & Margarine",
      "category3": "Butter",
      "category4": null,
      "category1Url": null,
      "category2Url": null,
      "category3Url": null,
      "category4Url": null,
      "name": "Reduced Salt Butter Pat",
      "brand": "Western Star",
      "brandAndName": "Western Star Reduced Salt Butter Pat ",
      "volumeSize": "500g",
      "imageFileName": "45157.jpg",
      "collected": null,
      "available": null,
      "disableFromView": null,
      "preferredSupplier": null,
      "disableFromListory": null,
      "url": "western-star-reduced-salt-butter-pat-500-g",
      "supplierProducts": [
        {
          "supplierProductId": 2119,
          "supplierCode": "COLES",
          "supplierName": "Coles",
          "price": 5,
          "discount": 0,
          "percentDiscount": 0,
          "perGroupQuantity": null,
          "perGroupPrice": null,
          "weightDefinition": "g",
          "cupPrice": 10,
          "cupDefinition": "per kg",
          "cupWeight": 500,
          "cupString": "per kg",
          "available": true
        }
      ]
    },
    {
      "id": 2125,
      "category": "Dairy & Eggs",
      "category1": null,
      "category2": "Butter & Margarine",
      "category3": "Butter",
      "category4": null,
      "category1Url": null,
      "category2Url": null,
      "category3Url": null,
      "category4Url": null,
      "name": "With Butter Salt Reduced",
      "brand": "Flora",
      "brandAndName": "Flora With Butter Salt Reduced ",
      "volumeSize": "400g",
      "imageFileName": "26238.jpg",
      "collected": null,
      "available": null,
      "disableFromView": null,
      "preferredSupplier": null,
      "disableFromListory": null,
      "url": "flora-with-butter-salt-reduced-400-g",
      "supplierProducts": [
        {
          "supplierProductId": 2125,
          "supplierCode": "COLES",
          "supplierName": "Coles",
          "price": 4.3,
          "discount": 0,
          "percentDiscount": 0,
          "perGroupQuantity": null,
          "perGroupPrice": null,
          "weightDefinition": "g",
          "cupPrice": 10.75,
          "cupDefinition": "per kg",
          "cupWeight": 400,
          "cupString": "per kg",
          "available": true
        }
      ]
    },
    {
      "id": 2131,
      "category": "Dairy & Eggs",
      "category1": null,
      "category2": "Butter & Margarine",
      "category3": "Butter",
      "category4": null,
      "category1Url": null,
      "category2Url": null,
      "category3Url": null,
      "category4Url": null,
      "name": "Spreadable Butter Light Tub",
      "brand": "Lurpak",
      "brandAndName": "Lurpak Spreadable Butter Light Tub ",
      "volumeSize": "250g",
      "imageFileName": "26250.jpg",
      "collected": null,
      "available": null,
      "disableFromView": null,
      "preferredSupplier": null,
      "disableFromListory": null,
      "url": "lurpak-spreadable-butter-light-tub-250-g",
      "supplierProducts": [
        {
          "supplierProductId": 2131,
          "supplierCode": "COLES",
          "supplierName": "Coles",
          "price": 6,
          "discount": 0,
          "percentDiscount": 0,
          "perGroupQuantity": null,
          "perGroupPrice": null,
          "weightDefinition": "g",
          "cupPrice": 24,
          "cupDefinition": "per kg",
          "cupWeight": 250,
          "cupString": "per kg",
          "available": true
        }
      ]
    },
    {
      "id": 18266,
      "category": "Dairy & Eggs",
      "category1": null,
      "category2": "Butter & Margarine",
      "category3": "Butter",
      "category4": null,
      "category1Url": null,
      "category2Url": null,
      "category3Url": null,
      "category4Url": null,
      "name": "Reduced Salt Butter Pat",
      "brand": "Western Star",
      "brandAndName": "Western Star Reduced Salt Butter Pat ",
      "volumeSize": "250g",
      "imageFileName": "45156.jpg",
      "collected": null,
      "available": null,
      "disableFromView": null,
      "preferredSupplier": null,
      "disableFromListory": null,
      "url": "western-star-reduced-salt-butter-pat-250-g",
      "supplierProducts": [
        {
          "supplierProductId": 45156,
          "supplierCode": "WOOLIES",
          "supplierName": "Woolworths",
          "price": 2.8,
          "discount": 0,
          "percentDiscount": 0,
          "perGroupQuantity": null,
          "perGroupPrice": null,
          "weightDefinition": "g",
          "cupPrice": 11.2,
          "cupDefinition": "per kg",
          "cupWeight": 250,
          "cupString": "per kg",
          "available": true
        }
      ]
    },
    {
      "id": 26214,
      "category": "Dairy & Eggs",
      "category1": null,
      "category2": "Butter & Margarine",
      "category3": "Butter",
      "category4": null,
      "category1Url": null,
      "category2Url": null,
      "category3Url": null,
      "category4Url": null,
      "name": "Butter",
      "brand": "Devondale",
      "brandAndName": "Devondale Butter ",
      "volumeSize": "500g",
      "imageFileName": "26214.jpg",
      "collected": null,
      "available": null,
      "disableFromView": null,
      "preferredSupplier": null,
      "disableFromListory": null,
      "url": "devondale-butter-500-g",
      "supplierProducts": [
        {
          "supplierProductId": 26214,
          "supplierCode": "WOOLIES",
          "supplierName": "Woolworths",
          "price": 4.4,
          "discount": 0,
          "percentDiscount": 0,
          "perGroupQuantity": null,
          "perGroupPrice": null,
          "weightDefinition": "g",
          "cupPrice": 8.8,
          "cupDefinition": "per kg",
          "cupWeight": 500,
          "cupString": "per kg",
          "available": true
        }
      ]
    },
    {
      "id": 26215,
      "category": "Dairy & Eggs",
      "category1": null,
      "category2": "Butter & Margarine",
      "category3": "Butter",
      "category4": null,
      "category1Url": null,
      "category2Url": null,
      "category3Url": null,
      "category4Url": null,
      "name": "Cultured Style Salted Butter",
      "brand": "Devondale",
      "brandAndName": "Devondale Cultured Style Salted Butter ",
      "volumeSize": "250g",
      "imageFileName": "26215.jpg",
      "collected": null,
      "available": null,
      "disableFromView": null,
      "preferredSupplier": null,
      "disableFromListory": null,
      "url": "devondale-cultured-style-salted-butter-250-g",
      "supplierProducts": [
        {
          "supplierProductId": 26215,
          "supplierCode": "WOOLIES",
          "supplierName": "Woolworths",
          "price": 3.3,
          "discount": 0,
          "percentDiscount": 0,
          "perGroupQuantity": null,
          "perGroupPrice": null,
          "weightDefinition": "g",
          "cupPrice": 13.2,
          "cupDefinition": "per kg",
          "cupWeight": 250,
          "cupString": "per kg",
          "available": true
        }
      ]
    },
    {
      "id": 26220,
      "category": "Dairy & Eggs",
      "category1": null,
      "category2": "Butter & Margarine",
      "category3": "Butter",
      "category4": null,
      "category1Url": null,
      "category2Url": null,
      "category3Url": null,
      "category4Url": null,
      "name": "Extra Soft Spread",
      "brand": "Devondale",
      "brandAndName": "Devondale Extra Soft Spread ",
      "volumeSize": "375g",
      "imageFileName": "26220.jpg",
      "collected": null,
      "available": null,
      "disableFromView": null,
      "preferredSupplier": null,
      "disableFromListory": null,
      "url": "devondale-extra-soft-spread-375-g",
      "supplierProducts": [
        {
          "supplierProductId": 26220,
          "supplierCode": "WOOLIES",
          "supplierName": "Woolworths",
          "price": 4,
          "discount": 0,
          "percentDiscount": 0,
          "perGroupQuantity": null,
          "perGroupPrice": null,
          "weightDefinition": "g",
          "cupPrice": 10.67,
          "cupDefinition": "per kg",
          "cupWeight": 375,
          "cupString": "per kg",
          "available": true
        }
      ]
    },
    {
      "id": 26244,
      "category": "Dairy & Eggs",
      "category1": null,
      "category2": "Butter & Margarine",
      "category3": "Butter",
      "category4": null,
      "category1Url": null,
      "category2Url": null,
      "category3Url": null,
      "category4Url": null,
      "name": "Salted Butter",
      "brand": "Homebrand",
      "brandAndName": "Homebrand Salted Butter ",
      "volumeSize": "500g",
      "imageFileName": "26244.jpg",
      "collected": null,
      "available": null,
      "disableFromView": null,
      "preferredSupplier": null,
      "disableFromListory": null,
      "url": "homebrand-salted-butter-500-g",
      "supplierProducts": [
        {
          "supplierProductId": 26244,
          "supplierCode": "WOOLIES",
          "supplierName": "Woolworths",
          "price": 3.6,
          "discount": 0,
          "percentDiscount": 0,
          "perGroupQuantity": null,
          "perGroupPrice": null,
          "weightDefinition": "g",
          "cupPrice": 7.2,
          "cupDefinition": "per kg",
          "cupWeight": 500,
          "cupString": "per kg",
          "available": true
        }
      ]
    },
    {
      "id": 45155,
      "category": "Dairy & Eggs",
      "category1": null,
      "category2": "Butter & Margarine",
      "category3": "Butter",
      "category4": null,
      "category1Url": null,
      "category2Url": null,
      "category3Url": null,
      "category4Url": null,
      "name": "Original Butter Tub",
      "brand": "Western Star",
      "brandAndName": "Western Star Original Butter Tub ",
      "volumeSize": "375g",
      "imageFileName": "45155.jpg",
      "collected": null,
      "available": null,
      "disableFromView": null,
      "preferredSupplier": null,
      "disableFromListory": null,
      "url": "western-star-original-butter-tub-375-g",
      "supplierProducts": [
        {
          "supplierProductId": 45155,
          "supplierCode": "WOOLIES",
          "supplierName": "Woolworths",
          "price": 5,
          "discount": 0,
          "percentDiscount": 0,
          "perGroupQuantity": null,
          "perGroupPrice": null,
          "weightDefinition": "g",
          "cupPrice": 13.33,
          "cupDefinition": "per kg",
          "cupWeight": 375,
          "cupString": "per kg",
          "available": true
        }
      ]
    },
    {
      "id": 54658,
      "category": "Dairy & Eggs",
      "category1": null,
      "category2": "Butter & Margarine",
      "category3": "Butter",
      "category4": null,
      "category1Url": null,
      "category2Url": null,
      "category3Url": null,
      "category4Url": null,
      "name": "Butter Dairy Blend",
      "brand": "Essentials",
      "brandAndName": "Essentials Butter Dairy Blend ",
      "volumeSize": "500g",
      "imageFileName": "54658.jpg",
      "collected": null,
      "available": null,
      "disableFromView": null,
      "preferredSupplier": null,
      "disableFromListory": null,
      "url": "essentials-butter-dairy-blend-500-g",
      "supplierProducts": [
        {
          "supplierProductId": 54658,
          "supplierCode": "WOOLIES",
          "supplierName": "Woolworths",
          "price": 3.3,
          "discount": 0,
          "percentDiscount": 0,
          "perGroupQuantity": null,
          "perGroupPrice": null,
          "weightDefinition": "g",
          "cupPrice": 6.6,
          "cupDefinition": "per kg",
          "cupWeight": 500,
          "cupString": "per kg",
          "available": true
        }
      ]
    },
    {
      "id": 55554,
      "category": "Dairy & Eggs",
      "category1": null,
      "category2": "Butter & Margarine",
      "category3": "Butter",
      "category4": null,
      "category1Url": null,
      "category2Url": null,
      "category3Url": null,
      "category4Url": null,
      "name": "Regular Butter",
      "brand": "Devondale",
      "brandAndName": "Devondale Regular Butter ",
      "volumeSize": "250g",
      "imageFileName": "2105.jpg",
      "collected": null,
      "available": null,
      "disableFromView": null,
      "preferredSupplier": null,
      "disableFromListory": null,
      "url": "devondale-regular-butter-250-g",
      "supplierProducts": [
        {
          "supplierProductId": 2105,
          "supplierCode": "COLES",
          "supplierName": "Coles",
          "price": 2.2,
          "discount": 0,
          "percentDiscount": 0,
          "perGroupQuantity": null,
          "perGroupPrice": null,
          "weightDefinition": "g",
          "cupPrice": 8.8,
          "cupDefinition": "per kg",
          "cupWeight": 250,
          "cupString": "per kg",
          "available": true
        }
      ]
    },
    {
      "id": 88604,
      "category": "Dairy & Eggs",
      "category1": null,
      "category2": "Butter & Margarine",
      "category3": "Butter",
      "category4": null,
      "category1Url": null,
      "category2Url": null,
      "category3Url": null,
      "category4Url": null,
      "name": "Butter Reduced Salt",
      "brand": "Coles Dairy",
      "brandAndName": "Coles Dairy Butter Reduced Salt ",
      "volumeSize": "250g",
      "imageFileName": null,
      "collected": null,
      "available": null,
      "disableFromView": null,
      "preferredSupplier": null,
      "disableFromListory": null,
      "url": "coles-dairy-butter-reduced-salt-250-g",
      "supplierProducts": [
        {
          "supplierProductId": 87534,
          "supplierCode": "COLES",
          "supplierName": "Coles",
          "price": 1.9,
          "discount": 0,
          "percentDiscount": 0,
          "perGroupQuantity": null,
          "perGroupPrice": null,
          "weightDefinition": "g",
          "cupPrice": 7.6,
          "cupDefinition": "per kg",
          "cupWeight": 250,
          "cupString": "per kg",
          "available": true
        }
      ]
    },
    {
      "id": 88605,
      "category": "Dairy & Eggs",
      "category1": null,
      "category2": "Butter & Margarine",
      "category3": "Butter",
      "category4": null,
      "category1Url": null,
      "category2Url": null,
      "category3Url": null,
      "category4Url": null,
      "name": "Butter Pat",
      "brand": "Coles Dairy",
      "brandAndName": "Coles Dairy Butter Pat ",
      "volumeSize": "500g",
      "imageFileName": null,
      "collected": null,
      "available": null,
      "disableFromView": null,
      "preferredSupplier": null,
      "disableFromListory": null,
      "url": "coles-dairy-butter-pat-500-g",
      "supplierProducts": [
        {
          "supplierProductId": 87535,
          "supplierCode": "COLES",
          "supplierName": "Coles",
          "price": 3.6,
          "discount": 0,
          "percentDiscount": 0,
          "perGroupQuantity": null,
          "perGroupPrice": null,
          "weightDefinition": "g",
          "cupPrice": 7.2,
          "cupDefinition": "per kg",
          "cupWeight": 500,
          "cupString": "per kg",
          "available": true
        }
      ]
    },
    {
      "id": 88606,
      "category": "Dairy & Eggs",
      "category1": null,
      "category2": "Butter & Margarine",
      "category3": "Butter",
      "category4": null,
      "category1Url": null,
      "category2Url": null,
      "category3Url": null,
      "category4Url": null,
      "name": "Butter",
      "brand": "Coles Dairy",
      "brandAndName": "Coles Dairy Butter ",
      "volumeSize": "250g",
      "imageFileName": null,
      "collected": null,
      "available": null,
      "disableFromView": null,
      "preferredSupplier": null,
      "disableFromListory": null,
      "url": "coles-dairy-butter-250-g",
      "supplierProducts": [
        {
          "supplierProductId": 87536,
          "supplierCode": "COLES",
          "supplierName": "Coles",
          "price": 1.9,
          "discount": 0,
          "percentDiscount": 0,
          "perGroupQuantity": null,
          "perGroupPrice": null,
          "weightDefinition": "g",
          "cupPrice": 7.6,
          "cupDefinition": "per kg",
          "cupWeight": 250,
          "cupString": "per kg",
          "available": true
        }
      ]
    },
    {
      "id": 89626,
      "category": "Dairy & Eggs",
      "category1": null,
      "category2": "Butter & Margarine",
      "category3": "Butter",
      "category4": null,
      "category1Url": null,
      "category2Url": null,
      "category3Url": null,
      "category4Url": null,
      "name": "Butter",
      "brand": "Homebrand",
      "brandAndName": "Homebrand Butter ",
      "volumeSize": "250g",
      "imageFileName": "26241.jpg",
      "collected": null,
      "available": null,
      "disableFromView": null,
      "preferredSupplier": null,
      "disableFromListory": null,
      "url": "homebrand-butter-250-g",
      "supplierProducts": [
        {
          "supplierProductId": 26241,
          "supplierCode": "WOOLIES",
          "supplierName": "Woolworths",
          "price": 1.9,
          "discount": 0,
          "percentDiscount": 0,
          "perGroupQuantity": null,
          "perGroupPrice": null,
          "weightDefinition": "g",
          "cupPrice": 7.6,
          "cupDefinition": "per kg",
          "cupWeight": 250,
          "cupString": "per kg",
          "available": true
        }
      ]
    },
    {
      "id": 92832,
      "category": "Dairy & Eggs",
      "category1": null,
      "category2": "Butter & Margarine",
      "category3": "Butter",
      "category4": null,
      "category1Url": null,
      "category2Url": null,
      "category3Url": null,
      "category4Url": null,
      "name": "Butter Original",
      "brand": "I Can't Believe It's Not",
      "brandAndName": "I Can't Believe It's Not Butter Original ",
      "volumeSize": "500g",
      "imageFileName": null,
      "collected": null,
      "available": null,
      "disableFromView": null,
      "preferredSupplier": null,
      "disableFromListory": null,
      "url": "i-cant-believe-its-not-butter-original-500-g",
      "supplierProducts": [
        {
          "supplierProductId": 90978,
          "supplierCode": "COLES",
          "supplierName": "Coles",
          "price": 3.3,
          "discount": 0,
          "percentDiscount": 0,
          "perGroupQuantity": null,
          "perGroupPrice": null,
          "weightDefinition": "g",
          "cupPrice": 6.6,
          "cupDefinition": "per kg",
          "cupWeight": 500,
          "cupString": "per kg",
          "available": true
        }
      ]
    },
    {
      "id": 92881,
      "category": "Dairy & Eggs",
      "category1": null,
      "category2": "Butter & Margarine",
      "category3": "Butter",
      "category4": null,
      "category1Url": null,
      "category2Url": null,
      "category3Url": null,
      "category4Url": null,
      "name": "Butter Salt Reduced",
      "brand": "I Can't Believe It's Not",
      "brandAndName": "I Can't Believe It's Not Butter Salt Reduced ",
      "volumeSize": "500g",
      "imageFileName": null,
      "collected": null,
      "available": null,
      "disableFromView": null,
      "preferredSupplier": null,
      "disableFromListory": null,
      "url": "i-cant-believe-its-not-butter-salt-reduced-500-g",
      "supplierProducts": [
        {
          "supplierProductId": 91027,
          "supplierCode": "COLES",
          "supplierName": "Coles",
          "price": 3.3,
          "discount": 0,
          "percentDiscount": 0,
          "perGroupQuantity": null,
          "perGroupPrice": null,
          "weightDefinition": "g",
          "cupPrice": 6.6,
          "cupDefinition": "per kg",
          "cupWeight": 500,
          "cupString": "per kg",
          "available": true
        }
      ]
    }
  ],
  "isLastPage": true,
  "ageRestriction": null,
  "postcode": 411,
  "hasDOB": false,
  "underAge": false,
  "filters": [
    {
      "code": "BRAND",
      "metaDatas": [
        {
          "name": "Allowrie",
          "url": null,
          "count": 1,
          "id": null,
          "parentId": null,
          "level": null
        },
        {
          "name": "Bertolli",
          "url": null,
          "count": 1,
          "id": null,
          "parentId": null,
          "level": null
        },
        {
          "name": "Coles",
          "url": null,
          "count": 1,
          "id": null,
          "parentId": null,
          "level": null
        },
        {
          "name": "Coles Dairy",
          "url": null,
          "count": 3,
          "id": null,
          "parentId": null,
          "level": null
        },
        {
          "name": "Devondale",
          "url": null,
          "count": 8,
          "id": null,
          "parentId": null,
          "level": null
        },
        {
          "name": "Essentials",
          "url": null,
          "count": 1,
          "id": null,
          "parentId": null,
          "level": null
        },
        {
          "name": "Flora",
          "url": null,
          "count": 2,
          "id": null,
          "parentId": null,
          "level": null
        },
        {
          "name": "Homebrand",
          "url": null,
          "count": 2,
          "id": null,
          "parentId": null,
          "level": null
        },
        {
          "name": "I Can't Believe It's Not",
          "url": null,
          "count": 2,
          "id": null,
          "parentId": null,
          "level": null
        },
        {
          "name": "Lurpak",
          "url": null,
          "count": 1,
          "id": null,
          "parentId": null,
          "level": null
        },
        {
          "name": "Mainland",
          "url": null,
          "count": 4,
          "id": null,
          "parentId": null,
          "level": null
        },
        {
          "name": "Western Star",
          "url": null,
          "count": 9,
          "id": null,
          "parentId": null,
          "level": null
        }
      ]
    },
    {
      "code": "CATEGORY1",
      "metaDatas": [
        {
          "name": "Dairy & Eggs",
          "url": "dairy-eggs",
          "count": 35,
          "id": 40138,
          "parentId": null,
          "level": 1
        }
      ]
    },
    {
      "code": "CATEGORY2",
      "metaDatas": [
        {
          "name": "Butter & Margarine",
          "url": "butter-margarine",
          "count": 35,
          "id": 40187,
          "parentId": 40138,
          "level": 2
        }
      ]
    },
    {
      "code": "CATEGORY3",
      "metaDatas": [
        {
          "name": "Butter",
          "url": "butter",
          "count": 35,
          "id": 40189,
          "parentId": 40187,
          "level": 2
        }
      ]
    },
    {
      "code": "VOLUMESIZE",
      "metaDatas": [
        {
          "name": "250g ",
          "url": null,
          "count": 11,
          "id": null,
          "parentId": null,
          "level": 0
        },
        {
          "name": "375g ",
          "url": null,
          "count": 5,
          "id": null,
          "parentId": null,
          "level": 0
        },
        {
          "name": "400g ",
          "url": null,
          "count": 3,
          "id": null,
          "parentId": null,
          "level": 0
        },
        {
          "name": "500g ",
          "url": null,
          "count": 16,
          "id": null,
          "parentId": null,
          "level": 0
        }
      ]
    }
  ]
}
