{
  "hits": 473,
  "items": [
    {
      "id": 1164,
      "category": "Dairy & Eggs",
      "category1": null,
      "category2": "Cheese",
      "category3": "Provolone",
      "category4": null,
      "category1Url": null,
      "category2Url": null,
      "category3Url": null,
      "category4Url": null,
      "name": "Italian Provolone Cheese",
      "brand": "Northside Fine Foods",
      "brandAndName": "Northside Fine Foods Italian Provolone Cheese ",
      "volumeSize": "100g",
      "imageFileName": "1164.jpg",
      "collected": null,
      "available": null,
      "disableFromView": null,
      "preferredSupplier": null,
      "disableFromListory": null,
      "url": "northside-fine-foods-italian-provolone-cheese-100-g",
      "supplierProducts": [
        {
          "supplierProductId": 1164,
          "supplierCode": "COLES",
          "supplierName": "Coles",
          "price": 6,
          "discount": 0,
          "percentDiscount": 0,
          "perGroupQuantity": 0,
          "perGroupPrice": 0,
          "weightDefinition": "g",
          "cupPrice": 60,
          "cupDefinition": "per kg",
          "cupWeight": 100,
          "cupString": "per kg",
          "available": true
        }
      ]
    },
    {
      "id": 1297,
      "category": "Dairy & Eggs",
      "category1": null,
      "category2": "Cheese",
      "category3": "Cheese Slices",
      "category4": null,
      "category1Url": null,
      "category2Url": null,
      "category3Url": null,
      "category4Url": null,
      "name": "Sliced Original Jarlsberg Swiss Cheese  ",
      "brand": "Coles Deli",
      "brandAndName": "Coles Deli Sliced Original Jarlsberg Swiss Cheese   ",
      "volumeSize": "200g",
      "imageFileName": "1297.jpg",
      "collected": null,
      "available": null,
      "disableFromView": null,
      "preferredSupplier": null,
      "disableFromListory": null,
      "url": "coles-deli-sliced-original-jarlsberg-swiss-cheese-200-g",
      "supplierProducts": [
        {
          "supplierProductId": 1297,
          "supplierCode": "COLES",
          "supplierName": "Coles",
          "price": 4.4,
          "discount": 0,
          "percentDiscount": 0,
          "perGroupQuantity": 0,
          "perGroupPrice": 0,
          "weightDefinition": "g",
          "cupPrice": 22,
          "cupDefinition": "per kg",
          "cupWeight": 200,
          "cupString": "per kg",
          "available": true
        }
      ]
    },
    {
      "id": 1298,
      "category": "Dairy & Eggs",
      "category1": null,
      "category2": "Cheese",
      "category3": "Goats Cheese",
      "category4": null,
      "category1Url": null,
      "category2Url": null,
      "category3Url": null,
      "category4Url": null,
      "name": "Marinated Goat Cheese",
      "brand": "Meredith Dairy",
      "brandAndName": "Meredith Dairy Marinated Goat Cheese ",
      "volumeSize": "320g",
      "imageFileName": "26447.jpg",
      "collected": null,
      "available": null,
      "disableFromView": null,
      "preferredSupplier": null,
      "disableFromListory": null,
      "url": "meredith-dairy-marinated-goat-cheese-320-g",
      "supplierProducts": [
        {
          "supplierProductId": 26447,
          "supplierCode": "WOOLIES",
          "supplierName": "Woolworths",
          "price": 12.99,
          "discount": 0,
          "percentDiscount": 0,
          "perGroupQuantity": null,
          "perGroupPrice": null,
          "weightDefinition": "g",
          "cupPrice": 40.59,
          "cupDefinition": "per kg",
          "cupWeight": 320,
          "cupString": "per kg",
          "available": true
        }
      ]
    },
    {
      "id": 1301,
      "category": "Dairy & Eggs",
      "category1": null,
      "category2": "Cheese",
      "category3": "Brie",
      "category4": null,
      "category1Url": null,
      "category2Url": null,
      "category3Url": null,
      "category4Url": null,
      "name": "South Cape Dairy Brie",
      "brand": "South Cape",
      "brandAndName": "South Cape South Cape Dairy Brie ",
      "volumeSize": "200g",
      "imageFileName": "26579.jpg",
      "collected": null,
      "available": null,
      "disableFromView": null,
      "preferredSupplier": null,
      "disableFromListory": null,
      "url": "south-cape-south-cape-dairy-brie-200-g",
      "supplierProducts": [
        {
          "supplierProductId": 26579,
          "supplierCode": "WOOLIES",
          "supplierName": "Woolworths",
          "price": 5.99,
          "discount": 0,
          "percentDiscount": 0,
          "perGroupQuantity": 0,
          "perGroupPrice": 0,
          "weightDefinition": "g",
          "cupPrice": 29.95,
          "cupDefinition": "per kg",
          "cupWeight": 200,
          "cupString": "per kg",
          "available": true
        }
      ]
    },
    {
      "id": 1302,
      "category": "Dairy & Eggs",
      "category1": null,
      "category2": "Cheese",
      "category3": "Goats Cheese",
      "category4": null,
      "category1Url": null,
      "category2Url": null,
      "category3Url": null,
      "category4Url": null,
      "name": "Plain Chevre",
      "brand": "Meredith Dairy",
      "brandAndName": "Meredith Dairy Plain Chevre ",
      "volumeSize": "150g",
      "imageFileName": "26448.jpg",
      "collected": null,
      "available": null,
      "disableFromView": null,
      "preferredSupplier": null,
      "disableFromListory": null,
      "url": "meredith-dairy-plain-chevre-150-g",
      "supplierProducts": [
        {
          "supplierProductId": 26448,
          "supplierCode": "WOOLIES",
          "supplierName": "Woolworths",
          "price": 8.99,
          "discount": 0,
          "percentDiscount": 0,
          "perGroupQuantity": null,
          "perGroupPrice": null,
          "weightDefinition": "g",
          "cupPrice": 59.93,
          "cupDefinition": "per kg",
          "cupWeight": 150,
          "cupString": "per kg",
          "available": true
        }
      ]
    },
    {
      "id": 1315,
      "category": "Dairy & Eggs",
      "category1": null,
      "category2": "Cheese",
      "category3": "Fetta",
      "category4": null,
      "category1Url": null,
      "category2Url": null,
      "category3Url": null,
      "category4Url": null,
      "name": "Danish Fetta",
      "brand": "Coles Deli",
      "brandAndName": "Coles Deli Danish Fetta ",
      "volumeSize": "325g",
      "imageFileName": "1315.jpg",
      "collected": null,
      "available": null,
      "disableFromView": null,
      "preferredSupplier": null,
      "disableFromListory": null,
      "url": "coles-deli-danish-fetta-325-g",
      "supplierProducts": [
        {
          "supplierProductId": 1315,
          "supplierCode": "COLES",
          "supplierName": "Coles",
          "price": 4.88,
          "discount": 0,
          "percentDiscount": 0,
          "perGroupQuantity": null,
          "perGroupPrice": null,
          "weightDefinition": "g",
          "cupPrice": 15.02,
          "cupDefinition": "per kg",
          "cupWeight": 325,
          "cupString": "per kg",
          "available": true
        }
      ]
    },
    {
      "id": 1327,
      "category": "Dairy & Eggs",
      "category1": null,
      "category2": "Cheese",
      "category3": "Other Cheese",
      "category4": null,
      "category1Url": null,
      "category2Url": null,
      "category3Url": null,
      "category4Url": null,
      "name": "White Wine Matched Cheese Platter",
      "brand": "South Cape",
      "brandAndName": "South Cape White Wine Matched Cheese Platter ",
      "volumeSize": "320g",
      "imageFileName": "26673.jpg",
      "collected": null,
      "available": null,
      "disableFromView": null,
      "preferredSupplier": null,
      "disableFromListory": null,
      "url": "south-cape-white-wine-matched-cheese-platter-320-g",
      "supplierProducts": [
        {
          "supplierProductId": 1327,
          "supplierCode": "COLES",
          "supplierName": "Coles",
          "price": 13.96,
          "discount": 0,
          "percentDiscount": 0,
          "perGroupQuantity": 0,
          "perGroupPrice": 0,
          "weightDefinition": "g",
          "cupPrice": 43.62,
          "cupDefinition": "per kg",
          "cupWeight": 320,
          "cupString": "per kg",
          "available": true
        },
        {
          "supplierProductId": 26673,
          "supplierCode": "WOOLIES",
          "supplierName": "Woolworths",
          "price": 12.98,
          "discount": 0,
          "percentDiscount": 0,
          "perGroupQuantity": 0,
          "perGroupPrice": 0,
          "weightDefinition": "g",
          "cupPrice": 40.56,
          "cupDefinition": "per kg",
          "cupWeight": 320,
          "cupString": "per kg",
          "available": true
        }
      ]
    },
    {
      "id": 1328,
      "category": "Dairy & Eggs",
      "category1": null,
      "category2": "Cheese",
      "category3": "Other Cheese",
      "category4": null,
      "category1Url": null,
      "category2Url": null,
      "category3Url": null,
      "category4Url": null,
      "name": "Cheeseboard Selection",
      "brand": "Chrystal Fresh",
      "brandAndName": "Chrystal Fresh Cheeseboard Selection ",
      "volumeSize": "275g",
      "imageFileName": "26649.jpg",
      "collected": null,
      "available": null,
      "disableFromView": null,
      "preferredSupplier": null,
      "disableFromListory": null,
      "url": "chrystal-fresh-cheeseboard-selection-275-g",
      "supplierProducts": [
        {
          "supplierProductId": 26649,
          "supplierCode": "WOOLIES",
          "supplierName": "Woolworths",
          "price": 9.9,
          "discount": 0,
          "percentDiscount": 0,
          "perGroupQuantity": null,
          "perGroupPrice": null,
          "weightDefinition": "g",
          "cupPrice": 36,
          "cupDefinition": "per kg",
          "cupWeight": 275,
          "cupString": "per kg",
          "available": true
        },
        {
          "supplierProductId": 1328,
          "supplierCode": "COLES",
          "supplierName": "Coles",
          "price": 10.77,
          "discount": 0,
          "percentDiscount": 0,
          "perGroupQuantity": null,
          "perGroupPrice": null,
          "weightDefinition": "g",
          "cupPrice": 39.16,
          "cupDefinition": "per kg",
          "cupWeight": 275,
          "cupString": "per kg",
          "available": true
        }
      ]
    },
    {
      "id": 1329,
      "category": "Dairy & Eggs",
      "category1": null,
      "category2": "Cheese",
      "category3": "Other Cheese",
      "category4": null,
      "category1Url": null,
      "category2Url": null,
      "category3Url": null,
      "category4Url": null,
      "name": "Trio Of Cheese Selection",
      "brand": "Chrystal Fresh",
      "brandAndName": "Chrystal Fresh Trio Of Cheese Selection ",
      "volumeSize": "335g",
      "imageFileName": "1329.jpg",
      "collected": null,
      "available": null,
      "disableFromView": null,
      "preferredSupplier": null,
      "disableFromListory": null,
      "url": "chrystal-fresh-trio-of-cheese-selection-335-g",
      "supplierProducts": [
        {
          "supplierProductId": 1329,
          "supplierCode": "COLES",
          "supplierName": "Coles",
          "price": 12.09,
          "discount": 0,
          "percentDiscount": 0,
          "perGroupQuantity": null,
          "perGroupPrice": null,
          "weightDefinition": "g",
          "cupPrice": 36.09,
          "cupDefinition": "per kg",
          "cupWeight": 335,
          "cupString": "per kg",
          "available": true
        }
      ]
    },
    {
      "id": 1334,
      "category": "Dairy & Eggs",
      "category1": null,
      "category2": "Cheese",
      "category3": "Other Cheese",
      "category4": null,
      "category1Url": null,
      "category2Url": null,
      "category3Url": null,
      "category4Url": null,
      "name": "Cheese Selection Platter",
      "brand": "South Cape",
      "brandAndName": "South Cape Cheese Selection Platter ",
      "volumeSize": "435g",
      "imageFileName": "26671.jpg",
      "collected": null,
      "available": null,
      "disableFromView": null,
      "preferredSupplier": null,
      "disableFromListory": null,
      "url": "south-cape-cheese-selection-platter-435-g",
      "supplierProducts": [
        {
          "supplierProductId": 26671,
          "supplierCode": "WOOLIES",
          "supplierName": "Woolworths",
          "price": 15.75,
          "discount": 0,
          "percentDiscount": 0,
          "perGroupQuantity": null,
          "perGroupPrice": null,
          "weightDefinition": "g",
          "cupPrice": 36.21,
          "cupDefinition": "per kg",
          "cupWeight": 435,
          "cupString": "per kg",
          "available": true
        },
        {
          "supplierProductId": 1334,
          "supplierCode": "COLES",
          "supplierName": "Coles",
          "price": 16.49,
          "discount": 0,
          "percentDiscount": 0,
          "perGroupQuantity": null,
          "perGroupPrice": null,
          "weightDefinition": "g",
          "cupPrice": 37.91,
          "cupDefinition": "per kg",
          "cupWeight": 435,
          "cupString": "per kg",
          "available": true
        }
      ]
    },
    {
      "id": 1774,
      "category": "Dairy & Eggs",
      "category1": null,
      "category2": "Cheese",
      "category3": "Cheese Tasty Shredded",
      "category4": null,
      "category1Url": null,
      "category2Url": null,
      "category3Url": null,
      "category4Url": null,
      "name": "Shredded Tasty Cheese",
      "brand": "Coles",
      "brandAndName": "Coles Shredded Tasty Cheese ",
      "volumeSize": "700g",
      "imageFileName": "1774.jpg",
      "collected": null,
      "available": null,
      "disableFromView": null,
      "preferredSupplier": null,
      "disableFromListory": null,
      "url": "coles-shredded-tasty-cheese-700-g",
      "supplierProducts": [
        {
          "supplierProductId": 1774,
          "supplierCode": "COLES",
          "supplierName": "Coles",
          "price": 4.75,
          "discount": 0,
          "percentDiscount": 0,
          "perGroupQuantity": null,
          "perGroupPrice": null,
          "weightDefinition": "g",
          "cupPrice": 6.79,
          "cupDefinition": "per kg",
          "cupWeight": 700,
          "cupString": "per kg",
          "available": true
        }
      ]
    },
    {
      "id": 1775,
      "category": "Dairy & Eggs",
      "category1": null,
      "category2": "Cheese",
      "category3": "Cheese Slices",
      "category4": null,
      "category1Url": null,
      "category2Url": null,
      "category3Url": null,
      "category4Url": null,
      "name": "Processed Cheese Slices Individually Wrapped 24 pack",
      "brand": "Coles Smart Buy",
      "brandAndName": "Coles Smart Buy Processed Cheese Slices Individually Wrapped 24 pack ",
      "volumeSize": "500g",
      "imageFileName": "1775.jpg",
      "collected": null,
      "available": null,
      "disableFromView": null,
      "preferredSupplier": null,
      "disableFromListory": null,
      "url": "coles-smart-buy-processed-cheese-slices-individually-wrapped-24-pack",
      "supplierProducts": [
        {
          "supplierProductId": 1775,
          "supplierCode": "COLES",
          "supplierName": "Coles",
          "price": 3,
          "discount": 0,
          "percentDiscount": 0,
          "perGroupQuantity": 0,
          "perGroupPrice": 0,
          "weightDefinition": "g",
          "cupPrice": 6,
          "cupDefinition": "per kg",
          "cupWeight": 500,
          "cupString": "per kg",
          "available": true
        }
      ]
    },
    {
      "id": 1777,
      "category": "Dairy & Eggs",
      "category1": null,
      "category2": "Cheese",
      "category3": "Cheese Slices",
      "category4": null,
      "category1Url": null,
      "category2Url": null,
      "category3Url": null,
      "category4Url": null,
      "name": "Natural Tasty Cheese Slices 24 pack",
      "brand": "Coles",
      "brandAndName": "Coles Natural Tasty Cheese Slices 24 pack ",
      "volumeSize": "500g",
      "imageFileName": "1777.jpg",
      "collected": null,
      "available": null,
      "disableFromView": null,
      "preferredSupplier": null,
      "disableFromListory": null,
      "url": "coles-natural-tasty-cheese-slices-24-pack",
      "supplierProducts": [
        {
          "supplierProductId": 1777,
          "supplierCode": "COLES",
          "supplierName": "Coles",
          "price": 5.8,
          "discount": 0,
          "percentDiscount": 0,
          "perGroupQuantity": null,
          "perGroupPrice": null,
          "weightDefinition": "g",
          "cupPrice": 11.6,
          "cupDefinition": "per kg",
          "cupWeight": 500,
          "cupString": "per kg",
          "available": true
        }
      ]
    },
    {
      "id": 1778,
      "category": "Dairy & Eggs",
      "category1": null,
      "category2": "Cheese",
      "category3": "Cheese Tasty Shredded",
      "category4": null,
      "category1Url": null,
      "category2Url": null,
      "category3Url": null,
      "category4Url": null,
      "name": "Shredded Light Tasty Cheese",
      "brand": "Coles",
      "brandAndName": "Coles Shredded Light Tasty Cheese ",
      "volumeSize": "700g",
      "imageFileName": "1778.jpg",
      "collected": null,
      "available": null,
      "disableFromView": null,
      "preferredSupplier": null,
      "disableFromListory": null,
      "url": "coles-shredded-light-tasty-cheese-700-g",
      "supplierProducts": [
        {
          "supplierProductId": 1778,
          "supplierCode": "COLES",
          "supplierName": "Coles",
          "price": 4.75,
          "discount": 0,
          "percentDiscount": 0,
          "perGroupQuantity": null,
          "perGroupPrice": null,
          "weightDefinition": "g",
          "cupPrice": 6.79,
          "cupDefinition": "per kg",
          "cupWeight": 700,
          "cupString": "per kg",
          "available": true
        }
      ]
    },
    {
      "id": 1779,
      "category": "Dairy & Eggs",
      "category1": null,
      "category2": "Cheese",
      "category3": "Cheese Tasty",
      "category4": null,
      "category1Url": null,
      "category2Url": null,
      "category3Url": null,
      "category4Url": null,
      "name": "Tasty Cheese Block",
      "brand": "Coles",
      "brandAndName": "Coles Tasty Cheese Block ",
      "volumeSize": "1kg",
      "imageFileName": "1779.jpg",
      "collected": null,
      "available": null,
      "disableFromView": null,
      "preferredSupplier": null,
      "disableFromListory": null,
      "url": "coles-tasty-cheese-block-1000-g",
      "supplierProducts": [
        {
          "supplierProductId": 1779,
          "supplierCode": "COLES",
          "supplierName": "Coles",
          "price": 7.5,
          "discount": 0,
          "percentDiscount": 0,
          "perGroupQuantity": 0,
          "perGroupPrice": 0,
          "weightDefinition": "g",
          "cupPrice": 7.5,
          "cupDefinition": "per kg",
          "cupWeight": 1000,
          "cupString": "per kg",
          "available": true
        }
      ]
    },
    {
      "id": 1780,
      "category": "Dairy & Eggs",
      "category1": null,
      "category2": "Cheese",
      "category3": "Cheddar",
      "category4": null,
      "category1Url": null,
      "category2Url": null,
      "category3Url": null,
      "category4Url": null,
      "name": "Tasty Cheddar Cheese Block",
      "brand": "Coles Smart Buy",
      "brandAndName": "Coles Smart Buy Tasty Cheddar Cheese Block ",
      "volumeSize": "1kg",
      "imageFileName": "1780.jpg",
      "collected": null,
      "available": null,
      "disableFromView": null,
      "preferredSupplier": null,
      "disableFromListory": null,
      "url": "coles-smart-buy-tasty-cheddar-cheese-block-1000-g",
      "supplierProducts": [
        {
          "supplierProductId": 1780,
          "supplierCode": "COLES",
          "supplierName": "Coles",
          "price": 6,
          "discount": 0,
          "percentDiscount": 0,
          "perGroupQuantity": null,
          "perGroupPrice": null,
          "weightDefinition": "g",
          "cupPrice": 6,
          "cupDefinition": "per kg",
          "cupWeight": 1000,
          "cupString": "per kg",
          "available": true
        }
      ]
    },
    {
      "id": 1781,
      "category": "Dairy & Eggs",
      "category1": null,
      "category2": "Cheese",
      "category3": "Mozzarella Shredded",
      "category4": null,
      "category1Url": null,
      "category2Url": null,
      "category3Url": null,
      "category4Url": null,
      "name": "Australian Shredded Mozzarella",
      "brand": "Coles",
      "brandAndName": "Coles Australian Shredded Mozzarella ",
      "volumeSize": "700g",
      "imageFileName": "1781.jpg",
      "collected": null,
      "available": null,
      "disableFromView": null,
      "preferredSupplier": null,
      "disableFromListory": null,
      "url": "coles-australian-shredded-mozzarella-700-g",
      "supplierProducts": [
        {
          "supplierProductId": 1781,
          "supplierCode": "COLES",
          "supplierName": "Coles",
          "price": 5.8,
          "discount": 0,
          "percentDiscount": 0,
          "perGroupQuantity": null,
          "perGroupPrice": null,
          "weightDefinition": "g",
          "cupPrice": 8.29,
          "cupDefinition": "per kg",
          "cupWeight": 700,
          "cupString": "per kg",
          "available": true
        }
      ]
    },
    {
      "id": 1782,
      "category": "Dairy & Eggs",
      "category1": null,
      "category2": "Cheese",
      "category3": "Cheese Slices",
      "category4": null,
      "category1Url": null,
      "category2Url": null,
      "category3Url": null,
      "category4Url": null,
      "name": "Natural Tasty Cheese Slices 15 pack",
      "brand": "Bega",
      "brandAndName": "Bega Natural Tasty Cheese Slices 15 pack ",
      "volumeSize": "250g",
      "imageFileName": "26352.jpg",
      "collected": null,
      "available": null,
      "disableFromView": null,
      "preferredSupplier": null,
      "disableFromListory": null,
      "url": "bega-natural-tasty-cheese-slices-15-pack",
      "supplierProducts": [
        {
          "supplierProductId": 26352,
          "supplierCode": "WOOLIES",
          "supplierName": "Woolworths",
          "price": 5.7,
          "discount": 0,
          "percentDiscount": 0,
          "perGroupQuantity": null,
          "perGroupPrice": null,
          "weightDefinition": "g",
          "cupPrice": 22.8,
          "cupDefinition": "per kg",
          "cupWeight": 250,
          "cupString": "per kg",
          "available": true
        }
      ]
    },
    {
      "id": 1783,
      "category": "Dairy & Eggs",
      "category1": null,
      "category2": "Cheese",
      "category3": "Cheese Slices",
      "category4": null,
      "category1Url": null,
      "category2Url": null,
      "category3Url": null,
      "category4Url": null,
      "name": "Australian Tasty Cheese Slices 12 pack",
      "brand": "Coles",
      "brandAndName": "Coles Australian Tasty Cheese Slices 12 pack ",
      "volumeSize": "250g",
      "imageFileName": "1783.jpg",
      "collected": null,
      "available": null,
      "disableFromView": null,
      "preferredSupplier": null,
      "disableFromListory": null,
      "url": "coles-australian-tasty-cheese-slices-250-g",
      "supplierProducts": [
        {
          "supplierProductId": 1783,
          "supplierCode": "COLES",
          "supplierName": "Coles",
          "price": 4,
          "discount": 0,
          "percentDiscount": 0,
          "perGroupQuantity": 0,
          "perGroupPrice": 0,
          "weightDefinition": "g",
          "cupPrice": 16,
          "cupDefinition": "per kg",
          "cupWeight": 250,
          "cupString": "per kg",
          "available": true
        }
      ]
    },
    {
      "id": 1784,
      "category": "Dairy & Eggs",
      "category1": null,
      "category2": "Cheese",
      "category3": "Cheese Slices",
      "category4": null,
      "category1Url": null,
      "category2Url": null,
      "category3Url": null,
      "category4Url": null,
      "name": "Tasty Cheese Slices 24 pack",
      "brand": "Coon",
      "brandAndName": "Coon Tasty Cheese Slices 24 pack ",
      "volumeSize": "500g",
      "imageFileName": "26360.jpg",
      "collected": null,
      "available": null,
      "disableFromView": null,
      "preferredSupplier": null,
      "disableFromListory": null,
      "url": "coon-tasty-cheese-slices-24-pack",
      "supplierProducts": [
        {
          "supplierProductId": 1784,
          "supplierCode": "COLES",
          "supplierName": "Coles",
          "price": 7.5,
          "discount": 0,
          "percentDiscount": 0,
          "perGroupQuantity": null,
          "perGroupPrice": null,
          "weightDefinition": "g",
          "cupPrice": 15,
          "cupDefinition": "per kg",
          "cupWeight": 500,
          "cupString": "per kg",
          "available": true
        },
        {
          "supplierProductId": 26360,
          "supplierCode": "WOOLIES",
          "supplierName": "Woolworths",
          "price": 7.5,
          "discount": 0,
          "percentDiscount": 0,
          "perGroupQuantity": null,
          "perGroupPrice": null,
          "weightDefinition": "g",
          "cupPrice": 15,
          "cupDefinition": "per kg",
          "cupWeight": 500,
          "cupString": "per kg",
          "available": true
        }
      ]
    },
    {
      "id": 1785,
      "category": "Dairy & Eggs",
      "category1": null,
      "category2": "Cheese",
      "category3": "Other Cheese",
      "category4": null,
      "category1Url": null,
      "category2Url": null,
      "category3Url": null,
      "category4Url": null,
      "name": "Cheese Stringers",
      "brand": "Bega",
      "brandAndName": "Bega Cheese Stringers ",
      "volumeSize": "12 pack",
      "imageFileName": "1785.jpg",
      "collected": null,
      "available": null,
      "disableFromView": null,
      "preferredSupplier": null,
      "disableFromListory": null,
      "url": "bega-cheese-stringers-12-pack",
      "supplierProducts": [
        {
          "supplierProductId": 1785,
          "supplierCode": "COLES",
          "supplierName": "Coles",
          "price": 6,
          "discount": 0,
          "percentDiscount": 0,
          "perGroupQuantity": 0,
          "perGroupPrice": 0,
          "weightDefinition": null,
          "cupPrice": 0.5,
          "cupDefinition": "pack",
          "cupWeight": 12,
          "cupString": "pack",
          "available": true
        },
        {
          "supplierProductId": 26691,
          "supplierCode": "WOOLIES",
          "supplierName": "Woolworths",
          "price": 6,
          "discount": 0,
          "percentDiscount": 0,
          "perGroupQuantity": null,
          "perGroupPrice": null,
          "weightDefinition": null,
          "cupPrice": 0.5,
          "cupDefinition": "pack",
          "cupWeight": 12,
          "cupString": "pack",
          "available": true
        }
      ]
    },
    {
      "id": 1786,
      "category": "Dairy & Eggs",
      "category1": null,
      "category2": "Cheese",
      "category3": "Cheese Slices",
      "category4": null,
      "category1Url": null,
      "category2Url": null,
      "category3Url": null,
      "category4Url": null,
      "name": "Processed Lite Cheese Slices Individually Wrapped 24 pack",
      "brand": "Coles Smart Buy",
      "brandAndName": "Coles Smart Buy Processed Lite Cheese Slices Individually Wrapped 24 pack ",
      "volumeSize": "500g",
      "imageFileName": "1786.jpg",
      "collected": null,
      "available": null,
      "disableFromView": null,
      "preferredSupplier": null,
      "disableFromListory": null,
      "url": "coles-smart-buy-processed-lite-cheese-slices-individually-wrapped-24-pack",
      "supplierProducts": [
        {
          "supplierProductId": 1786,
          "supplierCode": "COLES",
          "supplierName": "Coles",
          "price": 3,
          "discount": 0,
          "percentDiscount": 0,
          "perGroupQuantity": 0,
          "perGroupPrice": 0,
          "weightDefinition": "g",
          "cupPrice": 6,
          "cupDefinition": "per kg",
          "cupWeight": 500,
          "cupString": "per kg",
          "available": true
        }
      ]
    },
    {
      "id": 1787,
      "category": "Dairy & Eggs",
      "category1": null,
      "category2": "Cheese",
      "category3": "Babybel",
      "category4": null,
      "category1Url": null,
      "category2Url": null,
      "category3Url": null,
      "category4Url": null,
      "name": "Mini Babybel",
      "brand": "Babybel",
      "brandAndName": "Babybel Mini Babybel ",
      "volumeSize": "100g",
      "imageFileName": "26685.jpg",
      "collected": null,
      "available": null,
      "disableFromView": null,
      "preferredSupplier": null,
      "disableFromListory": null,
      "url": "babybel-mini-babybel-100-g",
      "supplierProducts": [
        {
          "supplierProductId": 1787,
          "supplierCode": "COLES",
          "supplierName": "Coles",
          "price": 4.62,
          "discount": 0,
          "percentDiscount": 0,
          "perGroupQuantity": 0,
          "perGroupPrice": 0,
          "weightDefinition": "g",
          "cupPrice": 46.2,
          "cupDefinition": "per kg",
          "cupWeight": 100,
          "cupString": "per kg",
          "available": true
        }
      ]
    },
    {
      "id": 1788,
      "category": "Dairy & Eggs",
      "category1": null,
      "category2": "Cheese",
      "category3": "Parmesan Grated",
      "category4": null,
      "category1Url": null,
      "category2Url": null,
      "category3Url": null,
      "category4Url": null,
      "name": "Shredded Parmesan Cheese",
      "brand": "Coles",
      "brandAndName": "Coles Shredded Parmesan Cheese ",
      "volumeSize": "250g",
      "imageFileName": "1788.jpg",
      "collected": null,
      "available": null,
      "disableFromView": null,
      "preferredSupplier": null,
      "disableFromListory": null,
      "url": "coles-shredded-parmesan-cheese-250-g",
      "supplierProducts": [
        {
          "supplierProductId": 1788,
          "supplierCode": "COLES",
          "supplierName": "Coles",
          "price": 3.5,
          "discount": 0,
          "percentDiscount": 0,
          "perGroupQuantity": null,
          "perGroupPrice": null,
          "weightDefinition": "g",
          "cupPrice": 14,
          "cupDefinition": "per kg",
          "cupWeight": 250,
          "cupString": "per kg",
          "available": true
        }
      ]
    },
    {
      "id": 1789,
      "category": "Dairy & Eggs",
      "category1": null,
      "category2": "Cheese",
      "category3": "Cheese Tasty Shredded",
      "category4": null,
      "category1Url": null,
      "category2Url": null,
      "category3Url": null,
      "category4Url": null,
      "name": "Shredded Tasty Cheese",
      "brand": "Coles",
      "brandAndName": "Coles Shredded Tasty Cheese ",
      "volumeSize": "250g",
      "imageFileName": "1789.jpg",
      "collected": null,
      "available": null,
      "disableFromView": null,
      "preferredSupplier": null,
      "disableFromListory": null,
      "url": "coles-shredded-tasty-cheese-250-g",
      "supplierProducts": [
        {
          "supplierProductId": 1789,
          "supplierCode": "COLES",
          "supplierName": "Coles",
          "price": 3.5,
          "discount": 0,
          "percentDiscount": 0,
          "perGroupQuantity": null,
          "perGroupPrice": null,
          "weightDefinition": "g",
          "cupPrice": 14,
          "cupDefinition": "per kg",
          "cupWeight": 250,
          "cupString": "per kg",
          "available": true
        }
      ]
    },
    {
      "id": 1791,
      "category": "Dairy & Eggs",
      "category1": null,
      "category2": "Cheese",
      "category3": "Parmesan",
      "category4": null,
      "category1Url": null,
      "category2Url": null,
      "category3Url": null,
      "category4Url": null,
      "name": "Block Parmesan Cheese",
      "brand": "Perfect Italiano",
      "brandAndName": "Perfect Italiano Block Parmesan Cheese ",
      "volumeSize": "250g",
      "imageFileName": "26498.jpg",
      "collected": null,
      "available": null,
      "disableFromView": null,
      "preferredSupplier": null,
      "disableFromListory": null,
      "url": "perfect-italiano-block-parmesan-cheese-250-g",
      "supplierProducts": [
        {
          "supplierProductId": 1791,
          "supplierCode": "COLES",
          "supplierName": "Coles",
          "price": 6.71,
          "discount": 0,
          "percentDiscount": 0,
          "perGroupQuantity": null,
          "perGroupPrice": null,
          "weightDefinition": "g",
          "cupPrice": 26.84,
          "cupDefinition": "per kg",
          "cupWeight": 250,
          "cupString": "per kg",
          "available": true
        },
        {
          "supplierProductId": 26498,
          "supplierCode": "WOOLIES",
          "supplierName": "Woolworths",
          "price": 6.1,
          "discount": 0,
          "percentDiscount": 0,
          "perGroupQuantity": null,
          "perGroupPrice": null,
          "weightDefinition": "g",
          "cupPrice": 24.4,
          "cupDefinition": "per kg",
          "cupWeight": 250,
          "cupString": "per kg",
          "available": true
        }
      ]
    },
    {
      "id": 1792,
      "category": "Dairy & Eggs",
      "category1": null,
      "category2": "Cheese",
      "category3": "Parmesan Grated",
      "category4": null,
      "category1Url": null,
      "category2Url": null,
      "category3Url": null,
      "category4Url": null,
      "name": "Grated Parmesan Cheese",
      "brand": "Perfect Italiano",
      "brandAndName": "Perfect Italiano Grated Parmesan Cheese ",
      "volumeSize": "125g",
      "imageFileName": "26417.jpg",
      "collected": null,
      "available": null,
      "disableFromView": null,
      "preferredSupplier": null,
      "disableFromListory": null,
      "url": "perfect-italiano-grated-parmesan-cheese-125-g",
      "supplierProducts": [
        {
          "supplierProductId": 26417,
          "supplierCode": "WOOLIES",
          "supplierName": "Woolworths",
          "price": 3.25,
          "discount": 0,
          "percentDiscount": 0,
          "perGroupQuantity": null,
          "perGroupPrice": null,
          "weightDefinition": "g",
          "cupPrice": 26,
          "cupDefinition": "per kg",
          "cupWeight": 125,
          "cupString": "per kg",
          "available": true
        },
        {
          "supplierProductId": 1792,
          "supplierCode": "COLES",
          "supplierName": "Coles",
          "price": 3.29,
          "discount": 0,
          "percentDiscount": 0,
          "perGroupQuantity": 0,
          "perGroupPrice": 0,
          "weightDefinition": "g",
          "cupPrice": 26.32,
          "cupDefinition": "per kg",
          "cupWeight": 125,
          "cupString": "per kg",
          "available": true
        }
      ]
    },
    {
      "id": 1793,
      "category": "Dairy & Eggs",
      "category1": null,
      "category2": "Cheese",
      "category3": "Cheese Slices",
      "category4": null,
      "category1Url": null,
      "category2Url": null,
      "category3Url": null,
      "category4Url": null,
      "name": "Natural Tasty Cheese Slices 30 pack",
      "brand": "Bega",
      "brandAndName": "Bega Natural Tasty Cheese Slices 30 pack ",
      "volumeSize": "500g",
      "imageFileName": "26353.jpg",
      "collected": null,
      "available": null,
      "disableFromView": null,
      "preferredSupplier": null,
      "disableFromListory": null,
      "url": "bega-natural-tasty-cheese-slices-30-pack",
      "supplierProducts": [
        {
          "supplierProductId": 26353,
          "supplierCode": "WOOLIES",
          "supplierName": "Woolworths",
          "price": 8.5,
          "discount": 0,
          "percentDiscount": 0,
          "perGroupQuantity": null,
          "perGroupPrice": null,
          "weightDefinition": "g",
          "cupPrice": 17,
          "cupDefinition": "per kg",
          "cupWeight": 500,
          "cupString": "per kg",
          "available": true
        },
        {
          "supplierProductId": 1793,
          "supplierCode": "COLES",
          "supplierName": "Coles",
          "price": 8.5,
          "discount": 0,
          "percentDiscount": 0,
          "perGroupQuantity": null,
          "perGroupPrice": null,
          "weightDefinition": "g",
          "cupPrice": 17,
          "cupDefinition": "per kg",
          "cupWeight": 500,
          "cupString": "per kg",
          "available": true
        }
      ]
    },
    {
      "id": 1794,
      "category": "Dairy & Eggs",
      "category1": null,
      "category2": "Cheese",
      "category3": "Cheese Slices",
      "category4": null,
      "category1Url": null,
      "category2Url": null,
      "category3Url": null,
      "category4Url": null,
      "name": "Light Tasty Cheese Slices 24 pack",
      "brand": "Coon",
      "brandAndName": "Coon Light Tasty Cheese Slices 24 pack ",
      "volumeSize": "500g",
      "imageFileName": "26357.jpg",
      "collected": null,
      "available": null,
      "disableFromView": null,
      "preferredSupplier": null,
      "disableFromListory": null,
      "url": "coon-light-tasty-cheese-slices-24-pack",
      "supplierProducts": [
        {
          "supplierProductId": 1794,
          "supplierCode": "COLES",
          "supplierName": "Coles",
          "price": 7.5,
          "discount": 0,
          "percentDiscount": 0,
          "perGroupQuantity": null,
          "perGroupPrice": null,
          "weightDefinition": "g",
          "cupPrice": 15,
          "cupDefinition": "per kg",
          "cupWeight": 500,
          "cupString": "per kg",
          "available": true
        },
        {
          "supplierProductId": 26357,
          "supplierCode": "WOOLIES",
          "supplierName": "Woolworths",
          "price": 7.5,
          "discount": 0,
          "percentDiscount": 0,
          "perGroupQuantity": null,
          "perGroupPrice": null,
          "weightDefinition": "g",
          "cupPrice": 15,
          "cupDefinition": "per kg",
          "cupWeight": 500,
          "cupString": "per kg",
          "available": true
        }
      ]
    },
    {
      "id": 1796,
      "category": "Dairy & Eggs",
      "category1": null,
      "category2": "Cheese",
      "category3": "Cheese Slices",
      "category4": null,
      "category1Url": null,
      "category2Url": null,
      "category3Url": null,
      "category4Url": null,
      "name": "Light Tasty Cheese Slices 24 pack",
      "brand": "Coles",
      "brandAndName": "Coles Light Tasty Cheese Slices 24 pack ",
      "volumeSize": "500g",
      "imageFileName": "1796.jpg",
      "collected": null,
      "available": null,
      "disableFromView": null,
      "preferredSupplier": null,
      "disableFromListory": null,
      "url": "coles-light-tasty-cheese-slices-24-pack",
      "supplierProducts": [
        {
          "supplierProductId": 1796,
          "supplierCode": "COLES",
          "supplierName": "Coles",
          "price": 5.8,
          "discount": 0,
          "percentDiscount": 0,
          "perGroupQuantity": null,
          "perGroupPrice": null,
          "weightDefinition": "g",
          "cupPrice": 11.6,
          "cupDefinition": "per kg",
          "cupWeight": 500,
          "cupString": "per kg",
          "available": true
        }
      ]
    },
    {
      "id": 1798,
      "category": "Dairy & Eggs",
      "category1": null,
      "category2": "Cheese",
      "category3": "Parmesan",
      "category4": null,
      "category1Url": null,
      "category2Url": null,
      "category3Url": null,
      "category4Url": null,
      "name": "Extra Sharp Parmesan Cheese Block",
      "brand": "Perfect Italiano",
      "brandAndName": "Perfect Italiano Extra Sharp Parmesan Cheese Block ",
      "volumeSize": "200g",
      "imageFileName": "45194.jpg",
      "collected": null,
      "available": null,
      "disableFromView": null,
      "preferredSupplier": null,
      "disableFromListory": null,
      "url": "perfect-italiano-extra-sharp-parmesan-cheese-block-200-g",
      "supplierProducts": [
        {
          "supplierProductId": 1798,
          "supplierCode": "COLES",
          "supplierName": "Coles",
          "price": 6.7,
          "discount": 0,
          "percentDiscount": 0,
          "perGroupQuantity": null,
          "perGroupPrice": null,
          "weightDefinition": "g",
          "cupPrice": 33.5,
          "cupDefinition": "per kg",
          "cupWeight": 200,
          "cupString": "per kg",
          "available": true
        }
      ]
    },
    {
      "id": 1799,
      "category": "Dairy & Eggs",
      "category1": null,
      "category2": "Cheese",
      "category3": "Cheese Tasty",
      "category4": null,
      "category1Url": null,
      "category2Url": null,
      "category3Url": null,
      "category4Url": null,
      "name": "Tasty Cheese Block",
      "brand": "Bega",
      "brandAndName": "Bega Tasty Cheese Block ",
      "volumeSize": "500g",
      "imageFileName": "26302.jpg",
      "collected": null,
      "available": null,
      "disableFromView": null,
      "preferredSupplier": null,
      "disableFromListory": null,
      "url": "bega-tasty-cheese-block-500-g",
      "supplierProducts": [
        {
          "supplierProductId": 1799,
          "supplierCode": "COLES",
          "supplierName": "Coles",
          "price": 9.19,
          "discount": 0,
          "percentDiscount": 0,
          "perGroupQuantity": null,
          "perGroupPrice": null,
          "weightDefinition": "g",
          "cupPrice": 18.38,
          "cupDefinition": "per kg",
          "cupWeight": 500,
          "cupString": "per kg",
          "available": true
        },
        {
          "supplierProductId": 26302,
          "supplierCode": "WOOLIES",
          "supplierName": "Woolworths",
          "price": 8.6,
          "discount": 0,
          "percentDiscount": 0,
          "perGroupQuantity": null,
          "perGroupPrice": null,
          "weightDefinition": "g",
          "cupPrice": 17.2,
          "cupDefinition": "per kg",
          "cupWeight": 500,
          "cupString": "per kg",
          "available": true
        }
      ]
    },
    {
      "id": 1800,
      "category": "Dairy & Eggs",
      "category1": null,
      "category2": "Cheese",
      "category3": "Parmesan Grated",
      "category4": null,
      "category1Url": null,
      "category2Url": null,
      "category3Url": null,
      "category4Url": null,
      "name": "Grated Parmesan Cheese",
      "brand": "Coles",
      "brandAndName": "Coles Grated Parmesan Cheese ",
      "volumeSize": "100g",
      "imageFileName": "1800.jpg",
      "collected": null,
      "available": null,
      "disableFromView": null,
      "preferredSupplier": null,
      "disableFromListory": null,
      "url": "coles-grated-parmesan-cheese-100-g",
      "supplierProducts": [
        {
          "supplierProductId": 1800,
          "supplierCode": "COLES",
          "supplierName": "Coles",
          "price": 1.7,
          "discount": 0,
          "percentDiscount": 0,
          "perGroupQuantity": 0,
          "perGroupPrice": 0,
          "weightDefinition": "g",
          "cupPrice": 17,
          "cupDefinition": "per kg",
          "cupWeight": 100,
          "cupString": "per kg",
          "available": true
        }
      ]
    },
    {
      "id": 1802,
      "category": "Dairy & Eggs",
      "category1": null,
      "category2": "Cheese",
      "category3": "Ricotta",
      "category4": null,
      "category1Url": null,
      "category2Url": null,
      "category3Url": null,
      "category4Url": null,
      "name": "Smooth Ricotta",
      "brand": "Coles",
      "brandAndName": "Coles Smooth Ricotta ",
      "volumeSize": "375g",
      "imageFileName": "1802.jpg",
      "collected": null,
      "available": null,
      "disableFromView": null,
      "preferredSupplier": null,
      "disableFromListory": null,
      "url": "coles-smooth-ricotta-375-g",
      "supplierProducts": [
        {
          "supplierProductId": 1802,
          "supplierCode": "COLES",
          "supplierName": "Coles",
          "price": 3,
          "discount": 0,
          "percentDiscount": 0,
          "perGroupQuantity": 0,
          "perGroupPrice": 0,
          "weightDefinition": "g",
          "cupPrice": 8,
          "cupDefinition": "per kg",
          "cupWeight": 375,
          "cupString": "per kg",
          "available": true
        }
      ]
    },
    {
      "id": 1803,
      "category": "Dairy & Eggs",
      "category1": null,
      "category2": "Cheese",
      "category3": "Cottage Cheese",
      "category4": null,
      "category1Url": null,
      "category2Url": null,
      "category3Url": null,
      "category4Url": null,
      "name": "Creamed Cottage Cheese",
      "brand": "Dairy Farmers",
      "brandAndName": "Dairy Farmers Creamed Cottage Cheese ",
      "volumeSize": "500g",
      "imageFileName": "26511.jpg",
      "collected": null,
      "available": null,
      "disableFromView": null,
      "preferredSupplier": null,
      "disableFromListory": null,
      "url": "dairy-farmers-creamed-cottage-cheese-500-g",
      "supplierProducts": [
        {
          "supplierProductId": 1803,
          "supplierCode": "COLES",
          "supplierName": "Coles",
          "price": 5.61,
          "discount": 0,
          "percentDiscount": 0,
          "perGroupQuantity": 0,
          "perGroupPrice": 0,
          "weightDefinition": "g",
          "cupPrice": 11.22,
          "cupDefinition": "per kg",
          "cupWeight": 500,
          "cupString": "per kg",
          "available": true
        },
        {
          "supplierProductId": 26511,
          "supplierCode": "WOOLIES",
          "supplierName": "Woolworths",
          "price": 5.3,
          "discount": 0,
          "percentDiscount": 0,
          "perGroupQuantity": 0,
          "perGroupPrice": 0,
          "weightDefinition": "g",
          "cupPrice": 10.6,
          "cupDefinition": "per kg",
          "cupWeight": 500,
          "cupString": "per kg",
          "available": true
        }
      ]
    },
    {
      "id": 1804,
      "category": "Dairy & Eggs",
      "category1": null,
      "category2": "Cheese",
      "category3": "Mozzarella Shredded",
      "category4": null,
      "category1Url": null,
      "category2Url": null,
      "category3Url": null,
      "category4Url": null,
      "name": "Grated Pizza Plus Cheese",
      "brand": "Perfect Italiano",
      "brandAndName": "Perfect Italiano Grated Pizza Plus Cheese ",
      "volumeSize": "450g",
      "imageFileName": "26415.jpg",
      "collected": null,
      "available": null,
      "disableFromView": null,
      "preferredSupplier": null,
      "disableFromListory": null,
      "url": "perfect-italiano-grated-pizza-plus-cheese-450-g",
      "supplierProducts": [
        {
          "supplierProductId": 1804,
          "supplierCode": "COLES",
          "supplierName": "Coles",
          "price": 8.42,
          "discount": 0,
          "percentDiscount": 0,
          "perGroupQuantity": null,
          "perGroupPrice": null,
          "weightDefinition": "g",
          "cupPrice": 18.71,
          "cupDefinition": "per kg",
          "cupWeight": 450,
          "cupString": "per kg",
          "available": true
        },
        {
          "supplierProductId": 26415,
          "supplierCode": "WOOLIES",
          "supplierName": "Woolworths",
          "price": 7.5,
          "discount": 0,
          "percentDiscount": 0,
          "perGroupQuantity": null,
          "perGroupPrice": null,
          "weightDefinition": "g",
          "cupPrice": 16.67,
          "cupDefinition": "per kg",
          "cupWeight": 450,
          "cupString": "per kg",
          "available": true
        }
      ]
    },
    {
      "id": 1806,
      "category": "Dairy & Eggs",
      "category1": null,
      "category2": "Cheese",
      "category3": "Cream Cheese",
      "category4": null,
      "category1Url": null,
      "category2Url": null,
      "category3Url": null,
      "category4Url": null,
      "name": "Spreadable Cream Cheese",
      "brand": "Coles",
      "brandAndName": "Coles Spreadable Cream Cheese ",
      "volumeSize": "250g",
      "imageFileName": "1806.jpg",
      "collected": null,
      "available": null,
      "disableFromView": null,
      "preferredSupplier": null,
      "disableFromListory": null,
      "url": "coles-spreadable-cream-cheese-250-g",
      "supplierProducts": [
        {
          "supplierProductId": 1806,
          "supplierCode": "COLES",
          "supplierName": "Coles",
          "price": 2.75,
          "discount": 0,
          "percentDiscount": 0,
          "perGroupQuantity": 0,
          "perGroupPrice": 0,
          "weightDefinition": "g",
          "cupPrice": 11,
          "cupDefinition": "per kg",
          "cupWeight": 250,
          "cupString": "per kg",
          "available": true
        }
      ]
    },
    {
      "id": 1807,
      "category": "Dairy & Eggs",
      "category1": null,
      "category2": "Cheese",
      "category3": "Cheese Tasty",
      "category4": null,
      "category1Url": null,
      "category2Url": null,
      "category3Url": null,
      "category4Url": null,
      "name": "Tasty Cheese Block",
      "brand": "Coon",
      "brandAndName": "Coon Tasty Cheese Block ",
      "volumeSize": "1kg",
      "imageFileName": "1807.jpg",
      "collected": null,
      "available": null,
      "disableFromView": null,
      "preferredSupplier": null,
      "disableFromListory": null,
      "url": "coon-tasty-cheese-block-1000-g",
      "supplierProducts": [
        {
          "supplierProductId": 1807,
          "supplierCode": "COLES",
          "supplierName": "Coles",
          "price": 11,
          "discount": 0,
          "percentDiscount": 0,
          "perGroupQuantity": null,
          "perGroupPrice": null,
          "weightDefinition": "g",
          "cupPrice": 11,
          "cupDefinition": "per kg",
          "cupWeight": 1000,
          "cupString": "per kg",
          "available": true
        }
      ]
    },
    {
      "id": 1808,
      "category": "Dairy & Eggs",
      "category1": null,
      "category2": "Cheese",
      "category3": "Other Cheese",
      "category4": null,
      "category1Url": null,
      "category2Url": null,
      "category3Url": null,
      "category4Url": null,
      "name": "Cheese Wedges",
      "brand": "The Laughing Cow",
      "brandAndName": "The Laughing Cow Cheese Wedges ",
      "volumeSize": "8 pack",
      "imageFileName": "26701.jpg",
      "collected": null,
      "available": null,
      "disableFromView": null,
      "preferredSupplier": null,
      "disableFromListory": null,
      "url": "the-laughing-cow-cheese-wedges-8-pack-16-g",
      "supplierProducts": [
        {
          "supplierProductId": 26701,
          "supplierCode": "WOOLIES",
          "supplierName": "Woolworths",
          "price": 3.35,
          "discount": 0,
          "percentDiscount": 0,
          "perGroupQuantity": null,
          "perGroupPrice": null,
          "weightDefinition": null,
          "cupPrice": 0.42,
          "cupDefinition": "pack",
          "cupWeight": 8,
          "cupString": "pack",
          "available": true
        }
      ]
    },
    {
      "id": 1809,
      "category": "Dairy & Eggs",
      "category1": null,
      "category2": "Cheese",
      "category3": "Cheese Tasty",
      "category4": null,
      "category1Url": null,
      "category2Url": null,
      "category3Url": null,
      "category4Url": null,
      "name": "Grated Tasty Cheese",
      "brand": "Bega",
      "brandAndName": "Bega Grated Tasty Cheese ",
      "volumeSize": "500g",
      "imageFileName": "26399.jpg",
      "collected": null,
      "available": null,
      "disableFromView": null,
      "preferredSupplier": null,
      "disableFromListory": null,
      "url": "bega-grated-tasty-cheese-500-g",
      "supplierProducts": [
        {
          "supplierProductId": 26399,
          "supplierCode": "WOOLIES",
          "supplierName": "Woolworths",
          "price": 8.2,
          "discount": 0,
          "percentDiscount": 0,
          "perGroupQuantity": null,
          "perGroupPrice": null,
          "weightDefinition": "g",
          "cupPrice": 16.4,
          "cupDefinition": "per kg",
          "cupWeight": 500,
          "cupString": "per kg",
          "available": true
        },
        {
          "supplierProductId": 1809,
          "supplierCode": "COLES",
          "supplierName": "Coles",
          "price": 8.79,
          "discount": 0,
          "percentDiscount": 0,
          "perGroupQuantity": null,
          "perGroupPrice": null,
          "weightDefinition": "g",
          "cupPrice": 17.58,
          "cupDefinition": "per kg",
          "cupWeight": 500,
          "cupString": "per kg",
          "available": true
        }
      ]
    }
  ],
  "isLastPage": false,
  "ageRestriction": null,
  "postcode": 411,
  "hasDOB": false,
  "underAge": false,
  "filters": [
    {
      "code": "BRAND",
      "metaDatas": [
        {
          "name": "Alambra",
          "url": null,
          "count": 2,
          "id": null,
          "parentId": null,
          "level": null
        },
        {
          "name": "Ashgrove",
          "url": null,
          "count": 3,
          "id": null,
          "parentId": null,
          "level": null
        },
        {
          "name": "Auricchio",
          "url": null,
          "count": 2,
          "id": null,
          "parentId": null,
          "level": null
        },
        {
          "name": "Australian Gold",
          "url": null,
          "count": 2,
          "id": null,
          "parentId": null,
          "level": null
        },
        {
          "name": "Babybel",
          "url": null,
          "count": 4,
          "id": null,
          "parentId": null,
          "level": null
        },
        {
          "name": "Barbers",
          "url": null,
          "count": 1,
          "id": null,
          "parentId": null,
          "level": null
        },
        {
          "name": "Bean Supreme",
          "url": null,
          "count": 1,
          "id": null,
          "parentId": null,
          "level": null
        },
        {
          "name": "Bega",
          "url": null,
          "count": 23,
          "id": null,
          "parentId": null,
          "level": null
        },
        {
          "name": "Bio Cheese",
          "url": null,
          "count": 2,
          "id": null,
          "parentId": null,
          "level": null
        },
        {
          "name": "Blue Lotus",
          "url": null,
          "count": 1,
          "id": null,
          "parentId": null,
          "level": null
        },
        {
          "name": "Boursin",
          "url": null,
          "count": 1,
          "id": null,
          "parentId": null,
          "level": null
        },
        {
          "name": "Bulla",
          "url": null,
          "count": 4,
          "id": null,
          "parentId": null,
          "level": null
        },
        {
          "name": "Castello",
          "url": null,
          "count": 9,
          "id": null,
          "parentId": null,
          "level": null
        },
        {
          "name": "Chrystal Fresh",
          "url": null,
          "count": 2,
          "id": null,
          "parentId": null,
          "level": null
        },
        {
          "name": "Coles",
          "url": null,
          "count": 62,
          "id": null,
          "parentId": null,
          "level": null
        },
        {
          "name": "Coles Deli",
          "url": null,
          "count": 2,
          "id": null,
          "parentId": null,
          "level": null
        },
        {
          "name": "Coles Smart Buy",
          "url": null,
          "count": 3,
          "id": null,
          "parentId": null,
          "level": null
        },
        {
          "name": "Coon",
          "url": null,
          "count": 13,
          "id": null,
          "parentId": null,
          "level": null
        },
        {
          "name": "Cracker Barrel",
          "url": null,
          "count": 5,
          "id": null,
          "parentId": null,
          "level": null
        },
        {
          "name": "Cypriana",
          "url": null,
          "count": 1,
          "id": null,
          "parentId": null,
          "level": null
        },
        {
          "name": "Dairy Farmers",
          "url": null,
          "count": 2,
          "id": null,
          "parentId": null,
          "level": null
        },
        {
          "name": "Dairylea",
          "url": null,
          "count": 12,
          "id": null,
          "parentId": null,
          "level": null
        },
        {
          "name": "Delfi",
          "url": null,
          "count": 2,
          "id": null,
          "parentId": null,
          "level": null
        },
        {
          "name": "Devondale",
          "url": null,
          "count": 22,
          "id": null,
          "parentId": null,
          "level": null
        },
        {
          "name": "Dibble Dabbles",
          "url": null,
          "count": 1,
          "id": null,
          "parentId": null,
          "level": null
        },
        {
          "name": "Dodoni",
          "url": null,
          "count": 3,
          "id": null,
          "parentId": null,
          "level": null
        },
        {
          "name": "Evergreen",
          "url": null,
          "count": 2,
          "id": null,
          "parentId": null,
          "level": null
        },
        {
          "name": "Fresco",
          "url": null,
          "count": 1,
          "id": null,
          "parentId": null,
          "level": null
        },
        {
          "name": "Frico",
          "url": null,
          "count": 4,
          "id": null,
          "parentId": null,
          "level": null
        },
        {
          "name": "Galbani",
          "url": null,
          "count": 3,
          "id": null,
          "parentId": null,
          "level": null
        },
        {
          "name": "Geoff Jansz",
          "url": null,
          "count": 3,
          "id": null,
          "parentId": null,
          "level": null
        },
        {
          "name": "Great Ocean Road",
          "url": null,
          "count": 4,
          "id": null,
          "parentId": null,
          "level": null
        },
        {
          "name": "Hillview",
          "url": null,
          "count": 3,
          "id": null,
          "parentId": null,
          "level": null
        },
        {
          "name": "Hillwood",
          "url": null,
          "count": 2,
          "id": null,
          "parentId": null,
          "level": null
        },
        {
          "name": "Homebrand",
          "url": null,
          "count": 1,
          "id": null,
          "parentId": null,
          "level": null
        },
        {
          "name": "Jarlsberg",
          "url": null,
          "count": 5,
          "id": null,
          "parentId": null,
          "level": null
        },
        {
          "name": "Jindi",
          "url": null,
          "count": 1,
          "id": null,
          "parentId": null,
          "level": null
        },
        {
          "name": "Kebia",
          "url": null,
          "count": 2,
          "id": null,
          "parentId": null,
          "level": null
        },
        {
          "name": "King Island",
          "url": null,
          "count": 7,
          "id": null,
          "parentId": null,
          "level": null
        },
        {
          "name": "Kiri",
          "url": null,
          "count": 1,
          "id": null,
          "parentId": null,
          "level": null
        },
        {
          "name": "Kraft",
          "url": null,
          "count": 16,
          "id": null,
          "parentId": null,
          "level": null
        },
        {
          "name": "Kroon",
          "url": null,
          "count": 3,
          "id": null,
          "parentId": null,
          "level": null
        },
        {
          "name": "La Casa",
          "url": null,
          "count": 1,
          "id": null,
          "parentId": null,
          "level": null
        },
        {
          "name": "La Casa Del Formaggio",
          "url": null,
          "count": 6,
          "id": null,
          "parentId": null,
          "level": null
        },
        {
          "name": "Latteria Sociala",
          "url": null,
          "count": 1,
          "id": null,
          "parentId": null,
          "level": null
        },
        {
          "name": "Lemnos",
          "url": null,
          "count": 8,
          "id": null,
          "parentId": null,
          "level": null
        },
        {
          "name": "Liddell's",
          "url": null,
          "count": 3,
          "id": null,
          "parentId": null,
          "level": null
        },
        {
          "name": "Long Clawson",
          "url": null,
          "count": 1,
          "id": null,
          "parentId": null,
          "level": null
        },
        {
          "name": "Macro",
          "url": null,
          "count": 8,
          "id": null,
          "parentId": null,
          "level": null
        },
        {
          "name": "Maffra",
          "url": null,
          "count": 2,
          "id": null,
          "parentId": null,
          "level": null
        },
        {
          "name": "Mainland",
          "url": null,
          "count": 24,
          "id": null,
          "parentId": null,
          "level": null
        },
        {
          "name": "Mamma Lucia",
          "url": null,
          "count": 1,
          "id": null,
          "parentId": null,
          "level": null
        },
        {
          "name": "Merci Chef",
          "url": null,
          "count": 1,
          "id": null,
          "parentId": null,
          "level": null
        },
        {
          "name": "Meredith",
          "url": null,
          "count": 1,
          "id": null,
          "parentId": null,
          "level": null
        },
        {
          "name": "Meredith Dairy",
          "url": null,
          "count": 2,
          "id": null,
          "parentId": null,
          "level": null
        },
        {
          "name": "Mersey Valley",
          "url": null,
          "count": 8,
          "id": null,
          "parentId": null,
          "level": null
        },
        {
          "name": "Miguel Maestre",
          "url": null,
          "count": 2,
          "id": null,
          "parentId": null,
          "level": null
        },
        {
          "name": "Mil Lel",
          "url": null,
          "count": 5,
          "id": null,
          "parentId": null,
          "level": null
        },
        {
          "name": "Mon Ami",
          "url": null,
          "count": 2,
          "id": null,
          "parentId": null,
          "level": null
        },
        {
          "name": "Montefiore",
          "url": null,
          "count": 1,
          "id": null,
          "parentId": null,
          "level": null
        },
        {
          "name": "Morinaga",
          "url": null,
          "count": 1,
          "id": null,
          "parentId": null,
          "level": null
        },
        {
          "name": "My Life",
          "url": null,
          "count": 2,
          "id": null,
          "parentId": null,
          "level": null
        },
        {
          "name": "Nimbin Natural Cheese Co",
          "url": null,
          "count": 3,
          "id": null,
          "parentId": null,
          "level": null
        },
        {
          "name": "Nisi",
          "url": null,
          "count": 1,
          "id": null,
          "parentId": null,
          "level": null
        },
        {
          "name": "Northside Fine Foods",
          "url": null,
          "count": 1,
          "id": null,
          "parentId": null,
          "level": null
        },
        {
          "name": "Nutrisoy",
          "url": null,
          "count": 1,
          "id": null,
          "parentId": null,
          "level": null
        },
        {
          "name": "Oliana Foods",
          "url": null,
          "count": 2,
          "id": null,
          "parentId": null,
          "level": null
        },
        {
          "name": "Paesenella",
          "url": null,
          "count": 1,
          "id": null,
          "parentId": null,
          "level": null
        },
        {
          "name": "Pantalica",
          "url": null,
          "count": 6,
          "id": null,
          "parentId": null,
          "level": null
        },
        {
          "name": "Paris Creek",
          "url": null,
          "count": 1,
          "id": null,
          "parentId": null,
          "level": null
        },
        {
          "name": "Perfect Italiano",
          "url": null,
          "count": 15,
          "id": null,
          "parentId": null,
          "level": null
        },
        {
          "name": "Premier Selection",
          "url": null,
          "count": 1,
          "id": null,
          "parentId": null,
          "level": null
        },
        {
          "name": "President",
          "url": null,
          "count": 3,
          "id": null,
          "parentId": null,
          "level": null
        },
        {
          "name": "Pure Produce Co",
          "url": null,
          "count": 1,
          "id": null,
          "parentId": null,
          "level": null
        },
        {
          "name": "Riverina",
          "url": null,
          "count": 1,
          "id": null,
          "parentId": null,
          "level": null
        },
        {
          "name": "Simply Better",
          "url": null,
          "count": 3,
          "id": null,
          "parentId": null,
          "level": null
        },
        {
          "name": "Singletons",
          "url": null,
          "count": 1,
          "id": null,
          "parentId": null,
          "level": null
        },
        {
          "name": "Somerdale",
          "url": null,
          "count": 2,
          "id": null,
          "parentId": null,
          "level": null
        },
        {
          "name": "South Cape",
          "url": null,
          "count": 28,
          "id": null,
          "parentId": null,
          "level": null
        },
        {
          "name": "Soyco",
          "url": null,
          "count": 3,
          "id": null,
          "parentId": null,
          "level": null
        },
        {
          "name": "Tasmanian Heritage",
          "url": null,
          "count": 8,
          "id": null,
          "parentId": null,
          "level": null
        },
        {
          "name": "Taverna",
          "url": null,
          "count": 1,
          "id": null,
          "parentId": null,
          "level": null
        },
        {
          "name": "The Laughing Cow",
          "url": null,
          "count": 3,
          "id": null,
          "parentId": null,
          "level": null
        },
        {
          "name": "The Pure Product Company",
          "url": null,
          "count": 1,
          "id": null,
          "parentId": null,
          "level": null
        },
        {
          "name": "Viking",
          "url": null,
          "count": 1,
          "id": null,
          "parentId": null,
          "level": null
        },
        {
          "name": "Weight Watchers",
          "url": null,
          "count": 2,
          "id": null,
          "parentId": null,
          "level": null
        },
        {
          "name": "Woolworths",
          "url": null,
          "count": 14,
          "id": null,
          "parentId": null,
          "level": null
        },
        {
          "name": "Woolworths Select",
          "url": null,
          "count": 39,
          "id": null,
          "parentId": null,
          "level": null
        },
        {
          "name": "Yarra Valley",
          "url": null,
          "count": 3,
          "id": null,
          "parentId": null,
          "level": null
        },
        {
          "name": "Zanetti",
          "url": null,
          "count": 1,
          "id": null,
          "parentId": null,
          "level": null
        }
      ]
    },
    {
      "code": "CATEGORY1",
      "metaDatas": [
        {
          "name": "Dairy & Eggs",
          "url": "dairy-eggs",
          "count": 473,
          "id": 40138,
          "parentId": null,
          "level": 1
        }
      ]
    },
    {
      "code": "CATEGORY2",
      "metaDatas": [
        {
          "name": "Cheese",
          "url": "cheese",
          "count": 473,
          "id": 40196,
          "parentId": 40138,
          "level": 2
        }
      ]
    },
    {
      "code": "CATEGORY3",
      "metaDatas": [
        {
          "name": "Babybel",
          "url": "babybel",
          "count": 3,
          "id": 40197,
          "parentId": 40196,
          "level": 2
        },
        {
          "name": "Blue Cheese",
          "url": "blue-cheese",
          "count": 8,
          "id": 40198,
          "parentId": 40196,
          "level": 2
        },
        {
          "name": "Bocconcini",
          "url": "bocconcini",
          "count": 9,
          "id": 40199,
          "parentId": 40196,
          "level": 2
        },
        {
          "name": "Brie",
          "url": "brie",
          "count": 17,
          "id": 40200,
          "parentId": 40196,
          "level": 2
        },
        {
          "name": "Camembert",
          "url": "camembert",
          "count": 11,
          "id": 40201,
          "parentId": 40196,
          "level": 2
        },
        {
          "name": "Cheddar",
          "url": "cheddar",
          "count": 27,
          "id": 40202,
          "parentId": 40196,
          "level": 2
        },
        {
          "name": "Cheese Slices",
          "url": "cheese-slices",
          "count": 64,
          "id": 41405,
          "parentId": 40196,
          "level": 2
        },
        {
          "name": "Cheese Tasty",
          "url": "cheese-tasty",
          "count": 42,
          "id": 40204,
          "parentId": 40196,
          "level": 2
        },
        {
          "name": "Cheese Tasty Shredded",
          "url": "cheese-tasty-shredded",
          "count": 10,
          "id": 40205,
          "parentId": 40196,
          "level": 2
        },
        {
          "name": "Colby",
          "url": "colby",
          "count": 13,
          "id": 40206,
          "parentId": 40196,
          "level": 2
        },
        {
          "name": "Cottage Cheese",
          "url": "cottage-cheese",
          "count": 8,
          "id": 40203,
          "parentId": 40196,
          "level": 2
        },
        {
          "name": "Cream Cheese",
          "url": "cream-cheese",
          "count": 25,
          "id": 40207,
          "parentId": 40196,
          "level": 2
        },
        {
          "name": "Cream Cheese Lite",
          "url": "cream-cheese-lite",
          "count": 9,
          "id": 40209,
          "parentId": 40196,
          "level": 2
        },
        {
          "name": "Edam",
          "url": "edam",
          "count": 3,
          "id": 40210,
          "parentId": 40196,
          "level": 2
        },
        {
          "name": "Fetta",
          "url": "fetta",
          "count": 36,
          "id": 40211,
          "parentId": 40196,
          "level": 2
        },
        {
          "name": "Goats Cheese",
          "url": "goats-cheese",
          "count": 7,
          "id": 40212,
          "parentId": 40196,
          "level": 2
        },
        {
          "name": "Gouda",
          "url": "gouda",
          "count": 5,
          "id": 40214,
          "parentId": 40196,
          "level": 2
        },
        {
          "name": "Grana Padano",
          "url": "grana-padano",
          "count": 4,
          "id": 40215,
          "parentId": 40196,
          "level": 2
        },
        {
          "name": "Haloumi",
          "url": "haloumi",
          "count": 9,
          "id": 40217,
          "parentId": 40196,
          "level": 2
        },
        {
          "name": "Havarti",
          "url": "havarti",
          "count": 4,
          "id": 40218,
          "parentId": 40196,
          "level": 2
        },
        {
          "name": "Maasdam",
          "url": "maasdam",
          "count": 2,
          "id": 40220,
          "parentId": 40196,
          "level": 2
        },
        {
          "name": "Mascarpone",
          "url": "mascarpone",
          "count": 5,
          "id": 40221,
          "parentId": 40196,
          "level": 2
        },
        {
          "name": "Mozzarella",
          "url": "mozzarella",
          "count": 10,
          "id": 40222,
          "parentId": 40196,
          "level": 2
        },
        {
          "name": "Mozzarella Shredded",
          "url": "mozzarella-shredded",
          "count": 13,
          "id": 40223,
          "parentId": 40196,
          "level": 2
        },
        {
          "name": "Other Cheese",
          "url": "other-cheese",
          "count": 46,
          "id": 40224,
          "parentId": 40196,
          "level": 2
        },
        {
          "name": "Parmesan",
          "url": "parmesan",
          "count": 9,
          "id": 40225,
          "parentId": 40196,
          "level": 2
        },
        {
          "name": "Parmesan Grated",
          "url": "parmesan-grated",
          "count": 14,
          "id": 40226,
          "parentId": 40196,
          "level": 2
        },
        {
          "name": "Provolone",
          "url": "provolone",
          "count": 2,
          "id": 40228,
          "parentId": 40196,
          "level": 2
        },
        {
          "name": "Ricotta",
          "url": "ricotta",
          "count": 10,
          "id": 40229,
          "parentId": 40196,
          "level": 2
        },
        {
          "name": "Smoked Cheese",
          "url": "smoked-cheese",
          "count": 5,
          "id": 40230,
          "parentId": 40196,
          "level": 2
        },
        {
          "name": "Swiss",
          "url": "swiss",
          "count": 4,
          "id": 40219,
          "parentId": 40196,
          "level": 2
        },
        {
          "name": "Tofu",
          "url": "tofu",
          "count": 21,
          "id": 40232,
          "parentId": 40196,
          "level": 2
        },
        {
          "name": "Vintage Cheddar",
          "url": "vintage-cheddar",
          "count": 18,
          "id": 40233,
          "parentId": 40196,
          "level": 2
        }
      ]
    },
    {
      "code": "VOLUMESIZE",
      "metaDatas": [
        {
          "name": "",
          "url": null,
          "count": 2,
          "id": null,
          "parentId": null,
          "level": 0
        },
        {
          "name": "10 pack",
          "url": null,
          "count": 7,
          "id": null,
          "parentId": null,
          "level": 0
        },
        {
          "name": "1000g ",
          "url": null,
          "count": 14,
          "id": null,
          "parentId": null,
          "level": 0
        },
        {
          "name": "100g ",
          "url": null,
          "count": 14,
          "id": null,
          "parentId": null,
          "level": 0
        },
        {
          "name": "100g 2 pack",
          "url": null,
          "count": 1,
          "id": null,
          "parentId": null,
          "level": 0
        },
        {
          "name": "110g ",
          "url": null,
          "count": 3,
          "id": null,
          "parentId": null,
          "level": 0
        },
        {
          "name": "115g ",
          "url": null,
          "count": 2,
          "id": null,
          "parentId": null,
          "level": 0
        },
        {
          "name": "12 pack",
          "url": null,
          "count": 5,
          "id": null,
          "parentId": null,
          "level": 0
        },
        {
          "name": "120g ",
          "url": null,
          "count": 7,
          "id": null,
          "parentId": null,
          "level": 0
        },
        {
          "name": "120g 4 pack",
          "url": null,
          "count": 1,
          "id": null,
          "parentId": null,
          "level": 0
        },
        {
          "name": "125g ",
          "url": null,
          "count": 22,
          "id": null,
          "parentId": null,
          "level": 0
        },
        {
          "name": "125g 1 each",
          "url": null,
          "count": 1,
          "id": null,
          "parentId": null,
          "level": 0
        },
        {
          "name": "136g ",
          "url": null,
          "count": 4,
          "id": null,
          "parentId": null,
          "level": 0
        },
        {
          "name": "140g ",
          "url": null,
          "count": 10,
          "id": null,
          "parentId": null,
          "level": 0
        },
        {
          "name": "1500g ",
          "url": null,
          "count": 1,
          "id": null,
          "parentId": null,
          "level": 0
        },
        {
          "name": "150g ",
          "url": null,
          "count": 22,
          "id": null,
          "parentId": null,
          "level": 0
        },
        {
          "name": "160g ",
          "url": null,
          "count": 4,
          "id": null,
          "parentId": null,
          "level": 0
        },
        {
          "name": "170g ",
          "url": null,
          "count": 1,
          "id": null,
          "parentId": null,
          "level": 0
        },
        {
          "name": "175g ",
          "url": null,
          "count": 2,
          "id": null,
          "parentId": null,
          "level": 0
        },
        {
          "name": "180g ",
          "url": null,
          "count": 12,
          "id": null,
          "parentId": null,
          "level": 0
        },
        {
          "name": "185g ",
          "url": null,
          "count": 1,
          "id": null,
          "parentId": null,
          "level": 0
        },
        {
          "name": "190g ",
          "url": null,
          "count": 4,
          "id": null,
          "parentId": null,
          "level": 0
        },
        {
          "name": "2 pack",
          "url": null,
          "count": 2,
          "id": null,
          "parentId": null,
          "level": 0
        },
        {
          "name": "200g ",
          "url": null,
          "count": 77,
          "id": null,
          "parentId": null,
          "level": 0
        },
        {
          "name": "20g 12 pack",
          "url": null,
          "count": 1,
          "id": null,
          "parentId": null,
          "level": 0
        },
        {
          "name": "210g ",
          "url": null,
          "count": 2,
          "id": null,
          "parentId": null,
          "level": 0
        },
        {
          "name": "216g ",
          "url": null,
          "count": 2,
          "id": null,
          "parentId": null,
          "level": 0
        },
        {
          "name": "220g ",
          "url": null,
          "count": 5,
          "id": null,
          "parentId": null,
          "level": 0
        },
        {
          "name": "225g ",
          "url": null,
          "count": 1,
          "id": null,
          "parentId": null,
          "level": 0
        },
        {
          "name": "230g ",
          "url": null,
          "count": 1,
          "id": null,
          "parentId": null,
          "level": 0
        },
        {
          "name": "235g ",
          "url": null,
          "count": 6,
          "id": null,
          "parentId": null,
          "level": 0
        },
        {
          "name": "24 pack",
          "url": null,
          "count": 6,
          "id": null,
          "parentId": null,
          "level": 0
        },
        {
          "name": "240g ",
          "url": null,
          "count": 1,
          "id": null,
          "parentId": null,
          "level": 0
        },
        {
          "name": "250g ",
          "url": null,
          "count": 89,
          "id": null,
          "parentId": null,
          "level": 0
        },
        {
          "name": "255g ",
          "url": null,
          "count": 1,
          "id": null,
          "parentId": null,
          "level": 0
        },
        {
          "name": "256g ",
          "url": null,
          "count": 1,
          "id": null,
          "parentId": null,
          "level": 0
        },
        {
          "name": "260g ",
          "url": null,
          "count": 1,
          "id": null,
          "parentId": null,
          "level": 0
        },
        {
          "name": "265g ",
          "url": null,
          "count": 1,
          "id": null,
          "parentId": null,
          "level": 0
        },
        {
          "name": "275g ",
          "url": null,
          "count": 1,
          "id": null,
          "parentId": null,
          "level": 0
        },
        {
          "name": "280g ",
          "url": null,
          "count": 1,
          "id": null,
          "parentId": null,
          "level": 0
        },
        {
          "name": "297g ",
          "url": null,
          "count": 1,
          "id": null,
          "parentId": null,
          "level": 0
        },
        {
          "name": "300g ",
          "url": null,
          "count": 9,
          "id": null,
          "parentId": null,
          "level": 0
        },
        {
          "name": "30g 4 pack",
          "url": null,
          "count": 3,
          "id": null,
          "parentId": null,
          "level": 0
        },
        {
          "name": "320g ",
          "url": null,
          "count": 4,
          "id": null,
          "parentId": null,
          "level": 0
        },
        {
          "name": "325g ",
          "url": null,
          "count": 1,
          "id": null,
          "parentId": null,
          "level": 0
        },
        {
          "name": "330g ",
          "url": null,
          "count": 1,
          "id": null,
          "parentId": null,
          "level": 0
        },
        {
          "name": "335g ",
          "url": null,
          "count": 1,
          "id": null,
          "parentId": null,
          "level": 0
        },
        {
          "name": "350g ",
          "url": null,
          "count": 4,
          "id": null,
          "parentId": null,
          "level": 0
        },
        {
          "name": "36 pack",
          "url": null,
          "count": 3,
          "id": null,
          "parentId": null,
          "level": 0
        },
        {
          "name": "375g ",
          "url": null,
          "count": 5,
          "id": null,
          "parentId": null,
          "level": 0
        },
        {
          "name": "4 pack",
          "url": null,
          "count": 1,
          "id": null,
          "parentId": null,
          "level": 0
        },
        {
          "name": "40 pack",
          "url": null,
          "count": 1,
          "id": null,
          "parentId": null,
          "level": 0
        },
        {
          "name": "400g ",
          "url": null,
          "count": 3,
          "id": null,
          "parentId": null,
          "level": 0
        },
        {
          "name": "430g ",
          "url": null,
          "count": 1,
          "id": null,
          "parentId": null,
          "level": 0
        },
        {
          "name": "432g ",
          "url": null,
          "count": 2,
          "id": null,
          "parentId": null,
          "level": 0
        },
        {
          "name": "435g ",
          "url": null,
          "count": 1,
          "id": null,
          "parentId": null,
          "level": 0
        },
        {
          "name": "45 pack",
          "url": null,
          "count": 1,
          "id": null,
          "parentId": null,
          "level": 0
        },
        {
          "name": "450g ",
          "url": null,
          "count": 7,
          "id": null,
          "parentId": null,
          "level": 0
        },
        {
          "name": "500g ",
          "url": null,
          "count": 49,
          "id": null,
          "parentId": null,
          "level": 0
        },
        {
          "name": "50g ",
          "url": null,
          "count": 4,
          "id": null,
          "parentId": null,
          "level": 0
        },
        {
          "name": "550g ",
          "url": null,
          "count": 1,
          "id": null,
          "parentId": null,
          "level": 0
        },
        {
          "name": "55g ",
          "url": null,
          "count": 2,
          "id": null,
          "parentId": null,
          "level": 0
        },
        {
          "name": "6 pack",
          "url": null,
          "count": 1,
          "id": null,
          "parentId": null,
          "level": 0
        },
        {
          "name": "600g ",
          "url": null,
          "count": 3,
          "id": null,
          "parentId": null,
          "level": 0
        },
        {
          "name": "625g ",
          "url": null,
          "count": 3,
          "id": null,
          "parentId": null,
          "level": 0
        },
        {
          "name": "700g ",
          "url": null,
          "count": 4,
          "id": null,
          "parentId": null,
          "level": 0
        },
        {
          "name": "750g ",
          "url": null,
          "count": 8,
          "id": null,
          "parentId": null,
          "level": 0
        },
        {
          "name": "75g ",
          "url": null,
          "count": 1,
          "id": null,
          "parentId": null,
          "level": 0
        },
        {
          "name": "8 pack",
          "url": null,
          "count": 3,
          "id": null,
          "parentId": null,
          "level": 0
        },
        {
          "name": "80g ",
          "url": null,
          "count": 4,
          "id": null,
          "parentId": null,
          "level": 0
        },
        {
          "name": "84 pack",
          "url": null,
          "count": 1,
          "id": null,
          "parentId": null,
          "level": 0
        },
        {
          "name": "850g ",
          "url": null,
          "count": 1,
          "id": null,
          "parentId": null,
          "level": 0
        }
      ]
    }
  ]
}
