{
  "hits": 39,
  "items": [
    {
      "id": 12910,
      "category": "Household & Cleaning",
      "category1": null,
      "category2": "Cleaners & Treatments",
      "category3": "Dishwashing Liquids",
      "category4": null,
      "category1Url": null,
      "category2Url": null,
      "category3Url": null,
      "category4Url": null,
      "name": "Lime Dishwashing Liquid",
      "brand": "Morning Fresh",
      "brandAndName": "Morning Fresh Lime Dishwashing Liquid ",
      "volumeSize": "400ml",
      "imageFileName": "12910.jpg",
      "collected": null,
      "available": null,
      "disableFromView": null,
      "preferredSupplier": null,
      "disableFromListory": null,
      "url": "morning-fresh-lime-dishwashing-liquid-400-ml",
      "supplierProducts": [
        {
          "supplierProductId": 12910,
          "supplierCode": "COLES",
          "supplierName": "Coles",
          "price": 4.35,
          "discount": 0,
          "percentDiscount": 0,
          "perGroupQuantity": null,
          "perGroupPrice": null,
          "weightDefinition": "ml",
          "cupPrice": 10.88,
          "cupDefinition": "per L",
          "cupWeight": 400,
          "cupString": "per L",
          "available": true
        }
      ]
    },
    {
      "id": 12911,
      "category": "Household & Cleaning",
      "category1": null,
      "category2": "Cleaners & Treatments",
      "category3": "Dishwashing Liquids",
      "category4": null,
      "category1Url": null,
      "category2Url": null,
      "category3Url": null,
      "category4Url": null,
      "name": "Super Strength Lemon Dishwashing Liquid",
      "brand": "Morning Fresh",
      "brandAndName": "Morning Fresh Super Strength Lemon Dishwashing Liquid ",
      "volumeSize": "900ml",
      "imageFileName": "40407.jpg",
      "collected": null,
      "available": null,
      "disableFromView": null,
      "preferredSupplier": null,
      "disableFromListory": null,
      "url": "morning-fresh-super-strength-lemon-dishwashing-liquid-900-ml",
      "supplierProducts": [
        {
          "supplierProductId": 40407,
          "supplierCode": "WOOLIES",
          "supplierName": "Woolworths",
          "price": 6.95,
          "discount": 0,
          "percentDiscount": 0,
          "perGroupQuantity": null,
          "perGroupPrice": null,
          "weightDefinition": "ml",
          "cupPrice": 7.72,
          "cupDefinition": "per L",
          "cupWeight": 900,
          "cupString": "per L",
          "available": true
        },
        {
          "supplierProductId": 12911,
          "supplierCode": "COLES",
          "supplierName": "Coles",
          "price": 7.65,
          "discount": 0,
          "percentDiscount": 0,
          "perGroupQuantity": null,
          "perGroupPrice": null,
          "weightDefinition": "ml",
          "cupPrice": 8.5,
          "cupDefinition": "per L",
          "cupWeight": 900,
          "cupString": "per L",
          "available": true
        }
      ]
    },
    {
      "id": 12912,
      "category": "Household & Cleaning",
      "category1": null,
      "category2": "Cleaners & Treatments",
      "category3": "Dishwashing Liquids",
      "category4": null,
      "category1Url": null,
      "category2Url": null,
      "category3Url": null,
      "category4Url": null,
      "name": "Super Strength Lime Fresh Dishwashing Liquid",
      "brand": "Morning Fresh",
      "brandAndName": "Morning Fresh Super Strength Lime Fresh Dishwashing Liquid ",
      "volumeSize": "900ml",
      "imageFileName": "40408.jpg",
      "collected": null,
      "available": null,
      "disableFromView": null,
      "preferredSupplier": null,
      "disableFromListory": null,
      "url": "morning-fresh-super-strength-lime-fresh-dishwashing-liquid-900-ml",
      "supplierProducts": [
        {
          "supplierProductId": 40408,
          "supplierCode": "WOOLIES",
          "supplierName": "Woolworths",
          "price": 6.95,
          "discount": 0,
          "percentDiscount": 0,
          "perGroupQuantity": null,
          "perGroupPrice": null,
          "weightDefinition": "ml",
          "cupPrice": 7.72,
          "cupDefinition": "per L",
          "cupWeight": 900,
          "cupString": "per L",
          "available": true
        },
        {
          "supplierProductId": 12912,
          "supplierCode": "COLES",
          "supplierName": "Coles",
          "price": 7.65,
          "discount": 0,
          "percentDiscount": 0,
          "perGroupQuantity": null,
          "perGroupPrice": null,
          "weightDefinition": "ml",
          "cupPrice": 8.5,
          "cupDefinition": "per L",
          "cupWeight": 900,
          "cupString": "per L",
          "available": true
        }
      ]
    },
    {
      "id": 12913,
      "category": "Household & Cleaning",
      "category1": null,
      "category2": "Cleaners & Treatments",
      "category3": "Dishwashing Liquids",
      "category4": null,
      "category1Url": null,
      "category2Url": null,
      "category3Url": null,
      "category4Url": null,
      "name": "Super Strength Original Dishwashing Liquid",
      "brand": "Morning Fresh",
      "brandAndName": "Morning Fresh Super Strength Original Dishwashing Liquid ",
      "volumeSize": "900ml",
      "imageFileName": "40409.jpg",
      "collected": null,
      "available": null,
      "disableFromView": null,
      "preferredSupplier": null,
      "disableFromListory": null,
      "url": "morning-fresh-super-strength-original-dishwashing-liquid-900-ml",
      "supplierProducts": [
        {
          "supplierProductId": 40409,
          "supplierCode": "WOOLIES",
          "supplierName": "Woolworths",
          "price": 6.95,
          "discount": 0,
          "percentDiscount": 0,
          "perGroupQuantity": null,
          "perGroupPrice": null,
          "weightDefinition": "ml",
          "cupPrice": 7.72,
          "cupDefinition": "per L",
          "cupWeight": 900,
          "cupString": "per L",
          "available": true
        },
        {
          "supplierProductId": 12913,
          "supplierCode": "COLES",
          "supplierName": "Coles",
          "price": 7.65,
          "discount": 0,
          "percentDiscount": 0,
          "perGroupQuantity": null,
          "perGroupPrice": null,
          "weightDefinition": "ml",
          "cupPrice": 8.5,
          "cupDefinition": "per L",
          "cupWeight": 900,
          "cupString": "per L",
          "available": true
        }
      ]
    },
    {
      "id": 12914,
      "category": "Household & Cleaning",
      "category1": null,
      "category2": "Cleaners & Treatments",
      "category3": "Dishwashing Liquids",
      "category4": null,
      "category1Url": null,
      "category2Url": null,
      "category3Url": null,
      "category4Url": null,
      "name": "Dishwashing Liquid",
      "brand": "Earth Choice",
      "brandAndName": "Earth Choice Dishwashing Liquid ",
      "volumeSize": "1L",
      "imageFileName": "40354.jpg",
      "collected": null,
      "available": null,
      "disableFromView": null,
      "preferredSupplier": null,
      "disableFromListory": null,
      "url": "earth-choice-dishwashing-liquid-1000-ml",
      "supplierProducts": [
        {
          "supplierProductId": 40354,
          "supplierCode": "WOOLIES",
          "supplierName": "Woolworths",
          "price": 1.99,
          "discount": 0,
          "percentDiscount": 0,
          "perGroupQuantity": 0,
          "perGroupPrice": 0,
          "weightDefinition": "ml",
          "cupPrice": 1.99,
          "cupDefinition": "per L",
          "cupWeight": 1000,
          "cupString": "per L",
          "available": true
        }
      ]
    },
    {
      "id": 12915,
      "category": "Household & Cleaning",
      "category1": null,
      "category2": "Cleaners & Treatments",
      "category3": "Dishwashing Liquids",
      "category4": null,
      "category1Url": null,
      "category2Url": null,
      "category3Url": null,
      "category4Url": null,
      "name": "Lemon Dishwashing Liquid",
      "brand": "Coles Smart Buy",
      "brandAndName": "Coles Smart Buy Lemon Dishwashing Liquid ",
      "volumeSize": "1L",
      "imageFileName": "12915.jpg",
      "collected": null,
      "available": null,
      "disableFromView": null,
      "preferredSupplier": null,
      "disableFromListory": null,
      "url": "coles-smart-buy-lemon-dishwashing-liquid-1000-ml",
      "supplierProducts": [
        {
          "supplierProductId": 12915,
          "supplierCode": "COLES",
          "supplierName": "Coles",
          "price": 1,
          "discount": 0,
          "percentDiscount": 0,
          "perGroupQuantity": 0,
          "perGroupPrice": 0,
          "weightDefinition": "ml",
          "cupPrice": 1,
          "cupDefinition": "per L",
          "cupWeight": 1000,
          "cupString": "per L",
          "available": true
        }
      ]
    },
    {
      "id": 12916,
      "category": "Household & Cleaning",
      "category1": null,
      "category2": "Cleaners & Treatments",
      "category3": "Dishwashing Liquids",
      "category4": null,
      "category1Url": null,
      "category2Url": null,
      "category3Url": null,
      "category4Url": null,
      "name": "Original Dishwashing Liquid",
      "brand": "Palmolive",
      "brandAndName": "Palmolive Original Dishwashing Liquid ",
      "volumeSize": "500ml",
      "imageFileName": "40414.jpg",
      "collected": null,
      "available": null,
      "disableFromView": null,
      "preferredSupplier": null,
      "disableFromListory": null,
      "url": "palmolive-original-dishwashing-liquid-500-ml",
      "supplierProducts": [
        {
          "supplierProductId": 12916,
          "supplierCode": "COLES",
          "supplierName": "Coles",
          "price": 2.7,
          "discount": 0,
          "percentDiscount": 0,
          "perGroupQuantity": 0,
          "perGroupPrice": 0,
          "weightDefinition": "ml",
          "cupPrice": 5.4,
          "cupDefinition": "per L",
          "cupWeight": 500,
          "cupString": "per L",
          "available": true
        }
      ]
    },
    {
      "id": 12917,
      "category": "Household & Cleaning",
      "category1": null,
      "category2": "Cleaners & Treatments",
      "category3": "Dishwashing Liquids",
      "category4": null,
      "category1Url": null,
      "category2Url": null,
      "category3Url": null,
      "category4Url": null,
      "name": "Ultra Lime Dishwashing Liquid",
      "brand": "Coles",
      "brandAndName": "Coles Ultra Lime Dishwashing Liquid ",
      "volumeSize": "900ml",
      "imageFileName": "12917.jpg",
      "collected": null,
      "available": null,
      "disableFromView": null,
      "preferredSupplier": null,
      "disableFromListory": null,
      "url": "coles-ultra-lime-dishwashing-liquid-900-ml",
      "supplierProducts": [
        {
          "supplierProductId": 12917,
          "supplierCode": "COLES",
          "supplierName": "Coles",
          "price": 2.7,
          "discount": 0,
          "percentDiscount": 0,
          "perGroupQuantity": 0,
          "perGroupPrice": 0,
          "weightDefinition": "ml",
          "cupPrice": 3,
          "cupDefinition": "per L",
          "cupWeight": 900,
          "cupString": "per L",
          "available": true
        }
      ]
    },
    {
      "id": 12918,
      "category": "Household & Cleaning",
      "category1": null,
      "category2": "Cleaners & Treatments",
      "category3": "Dishwashing Liquids",
      "category4": null,
      "category1Url": null,
      "category2Url": null,
      "category3Url": null,
      "category4Url": null,
      "name": "Ultra Concentrate Sensitive Dishwashing Liquid",
      "brand": "Coles",
      "brandAndName": "Coles Ultra Concentrate Sensitive Dishwashing Liquid ",
      "volumeSize": "450ml",
      "imageFileName": "12918.jpg",
      "collected": null,
      "available": null,
      "disableFromView": null,
      "preferredSupplier": null,
      "disableFromListory": null,
      "url": "coles-ultra-concentrate-sensitive-dishwashing-liquid-450-ml",
      "supplierProducts": [
        {
          "supplierProductId": 12918,
          "supplierCode": "COLES",
          "supplierName": "Coles",
          "price": 1.7,
          "discount": 0,
          "percentDiscount": 0,
          "perGroupQuantity": null,
          "perGroupPrice": null,
          "weightDefinition": "ml",
          "cupPrice": 3.78,
          "cupDefinition": "per L",
          "cupWeight": 450,
          "cupString": "per L",
          "available": true
        }
      ]
    },
    {
      "id": 12919,
      "category": "Household & Cleaning",
      "category1": null,
      "category2": "Cleaners & Treatments",
      "category3": "Dishwashing Liquids",
      "category4": null,
      "category1Url": null,
      "category2Url": null,
      "category3Url": null,
      "category4Url": null,
      "name": "Green Tea & Lime Dishwashing Liquid Concentrate",
      "brand": "Earth Choice",
      "brandAndName": "Earth Choice Green Tea & Lime Dishwashing Liquid Concentrate ",
      "volumeSize": "500ml",
      "imageFileName": "49457.jpg",
      "collected": null,
      "available": null,
      "disableFromView": null,
      "preferredSupplier": null,
      "disableFromListory": null,
      "url": "earth-choice-green-tea-and-lime-dishwashing-liquid-concentrate-500-ml",
      "supplierProducts": [
        {
          "supplierProductId": 12919,
          "supplierCode": "COLES",
          "supplierName": "Coles",
          "price": 3.3,
          "discount": 0,
          "percentDiscount": 0,
          "perGroupQuantity": null,
          "perGroupPrice": null,
          "weightDefinition": "ml",
          "cupPrice": 6.6,
          "cupDefinition": "per L",
          "cupWeight": 500,
          "cupString": "per L",
          "available": true
        }
      ]
    },
    {
      "id": 12920,
      "category": "Household & Cleaning",
      "category1": null,
      "category2": "Cleaners & Treatments",
      "category3": "Dishwashing Liquids",
      "category4": null,
      "category1Url": null,
      "category2Url": null,
      "category3Url": null,
      "category4Url": null,
      "name": "Ultra Limited Edition Concentrate Dishwashing Liquid",
      "brand": "Coles",
      "brandAndName": "Coles Ultra Limited Edition Concentrate Dishwashing Liquid ",
      "volumeSize": "450ml",
      "imageFileName": "12920.jpg",
      "collected": null,
      "available": null,
      "disableFromView": null,
      "preferredSupplier": null,
      "disableFromListory": null,
      "url": "coles-ultra-limited-edition-concentrate-dishwashing-liquid-450-ml",
      "supplierProducts": [
        {
          "supplierProductId": 12920,
          "supplierCode": "COLES",
          "supplierName": "Coles",
          "price": 1.7,
          "discount": 0,
          "percentDiscount": 0,
          "perGroupQuantity": null,
          "perGroupPrice": null,
          "weightDefinition": "ml",
          "cupPrice": 3.78,
          "cupDefinition": "per L",
          "cupWeight": 450,
          "cupString": "per L",
          "available": true
        }
      ]
    },
    {
      "id": 12921,
      "category": "Household & Cleaning",
      "category1": null,
      "category2": "Cleaners & Treatments",
      "category3": "Dishwashing Liquids",
      "category4": null,
      "category1Url": null,
      "category2Url": null,
      "category3Url": null,
      "category4Url": null,
      "name": "Lemon Dishwashing Liquid",
      "brand": "Fairy",
      "brandAndName": "Fairy Lemon Dishwashing Liquid ",
      "volumeSize": "433ml",
      "imageFileName": "40369.jpg",
      "collected": null,
      "available": null,
      "disableFromView": null,
      "preferredSupplier": null,
      "disableFromListory": null,
      "url": "fairy-lemon-dishwashing-liquid-433-ml",
      "supplierProducts": [
        {
          "supplierProductId": 12921,
          "supplierCode": "COLES",
          "supplierName": "Coles",
          "price": 4.39,
          "discount": 0,
          "percentDiscount": 0,
          "perGroupQuantity": null,
          "perGroupPrice": null,
          "weightDefinition": "ml",
          "cupPrice": 10.14,
          "cupDefinition": "per L",
          "cupWeight": 433,
          "cupString": "per L",
          "available": true
        },
        {
          "supplierProductId": 40369,
          "supplierCode": "WOOLIES",
          "supplierName": "Woolworths",
          "price": 3.5,
          "discount": 0,
          "percentDiscount": 0,
          "perGroupQuantity": 0,
          "perGroupPrice": 0,
          "weightDefinition": "ml",
          "cupPrice": 8.08,
          "cupDefinition": "per L",
          "cupWeight": 433,
          "cupString": "per L",
          "available": true
        }
      ]
    },
    {
      "id": 12922,
      "category": "Household & Cleaning",
      "category1": null,
      "category2": "Cleaners & Treatments",
      "category3": "Dishwashing Liquids",
      "category4": null,
      "category1Url": null,
      "category2Url": null,
      "category3Url": null,
      "category4Url": null,
      "name": "Ultra Lemon Dishwashing Liquid",
      "brand": "Coles",
      "brandAndName": "Coles Ultra Lemon Dishwashing Liquid ",
      "volumeSize": "1L",
      "imageFileName": "12922.jpg",
      "collected": null,
      "available": null,
      "disableFromView": null,
      "preferredSupplier": null,
      "disableFromListory": null,
      "url": "coles-ultra-lemon-dishwashing-liquid-1000-ml",
      "supplierProducts": [
        {
          "supplierProductId": 12922,
          "supplierCode": "COLES",
          "supplierName": "Coles",
          "price": 1.6,
          "discount": 0,
          "percentDiscount": 0,
          "perGroupQuantity": 0,
          "perGroupPrice": 0,
          "weightDefinition": "ml",
          "cupPrice": 1.6,
          "cupDefinition": "per L",
          "cupWeight": 1000,
          "cupString": "per L",
          "available": true
        }
      ]
    },
    {
      "id": 12923,
      "category": "Household & Cleaning",
      "category1": null,
      "category2": "Cleaners & Treatments",
      "category3": "Dishwashing Liquids",
      "category4": null,
      "category1Url": null,
      "category2Url": null,
      "category3Url": null,
      "category4Url": null,
      "name": "Ultra Concentrate Lime Dishwashing Liquid",
      "brand": "Coles",
      "brandAndName": "Coles Ultra Concentrate Lime Dishwashing Liquid ",
      "volumeSize": "450ml",
      "imageFileName": "12923.jpg",
      "collected": null,
      "available": null,
      "disableFromView": null,
      "preferredSupplier": null,
      "disableFromListory": null,
      "url": "coles-ultra-concentrate-lime-dishwashing-liquid-450-ml",
      "supplierProducts": [
        {
          "supplierProductId": 12923,
          "supplierCode": "COLES",
          "supplierName": "Coles",
          "price": 1.7,
          "discount": 0,
          "percentDiscount": 0,
          "perGroupQuantity": null,
          "perGroupPrice": null,
          "weightDefinition": "ml",
          "cupPrice": 3.78,
          "cupDefinition": "per L",
          "cupWeight": 450,
          "cupString": "per L",
          "available": true
        }
      ]
    },
    {
      "id": 12924,
      "category": "Household & Cleaning",
      "category1": null,
      "category2": "Cleaners & Treatments",
      "category3": "Dishwashing Liquids",
      "category4": null,
      "category1Url": null,
      "category2Url": null,
      "category3Url": null,
      "category4Url": null,
      "name": "Ultra Concentrate Lemon Dishwashing Liquid",
      "brand": "Coles",
      "brandAndName": "Coles Ultra Concentrate Lemon Dishwashing Liquid ",
      "volumeSize": "450ml",
      "imageFileName": "12924.jpg",
      "collected": null,
      "available": null,
      "disableFromView": null,
      "preferredSupplier": null,
      "disableFromListory": null,
      "url": "coles-ultra-concentrate-lemon-dishwashing-liquid-450-ml",
      "supplierProducts": [
        {
          "supplierProductId": 12924,
          "supplierCode": "COLES",
          "supplierName": "Coles",
          "price": 1.7,
          "discount": 0,
          "percentDiscount": 0,
          "perGroupQuantity": null,
          "perGroupPrice": null,
          "weightDefinition": "ml",
          "cupPrice": 3.78,
          "cupDefinition": "per L",
          "cupWeight": 450,
          "cupString": "per L",
          "available": true
        }
      ]
    },
    {
      "id": 12925,
      "category": "Household & Cleaning",
      "category1": null,
      "category2": "Cleaners & Treatments",
      "category3": "Dishwashing Liquids",
      "category4": null,
      "category1Url": null,
      "category2Url": null,
      "category3Url": null,
      "category4Url": null,
      "name": "Ultra Antibacterial Lemon Dishwashing Liquid",
      "brand": "Palmolive",
      "brandAndName": "Palmolive Ultra Antibacterial Lemon Dishwashing Liquid ",
      "volumeSize": "400ml",
      "imageFileName": "40412.jpg",
      "collected": null,
      "available": null,
      "disableFromView": null,
      "preferredSupplier": null,
      "disableFromListory": null,
      "url": "palmolive-ultra-antibacterial-lemon-dishwashing-liquid-400-ml",
      "supplierProducts": [
        {
          "supplierProductId": 12925,
          "supplierCode": "COLES",
          "supplierName": "Coles",
          "price": 3,
          "discount": 0,
          "percentDiscount": 0,
          "perGroupQuantity": 0,
          "perGroupPrice": 0,
          "weightDefinition": "ml",
          "cupPrice": 7.5,
          "cupDefinition": "per L",
          "cupWeight": 400,
          "cupString": "per L",
          "available": true
        },
        {
          "supplierProductId": 40412,
          "supplierCode": "WOOLIES",
          "supplierName": "Woolworths",
          "price": 3,
          "discount": 0,
          "percentDiscount": 0,
          "perGroupQuantity": 0,
          "perGroupPrice": 0,
          "weightDefinition": "ml",
          "cupPrice": 7.5,
          "cupDefinition": "per L",
          "cupWeight": 400,
          "cupString": "per L",
          "available": true
        }
      ]
    },
    {
      "id": 12926,
      "category": "Household & Cleaning",
      "category1": null,
      "category2": "Cleaners & Treatments",
      "category3": "Dishwashing Liquids",
      "category4": null,
      "category1Url": null,
      "category2Url": null,
      "category3Url": null,
      "category4Url": null,
      "name": "Ultra Divine Blends Dishwashing Liquid",
      "brand": "Palmolive",
      "brandAndName": "Palmolive Ultra Divine Blends Dishwashing Liquid ",
      "volumeSize": "700ml",
      "imageFileName": "40418.jpg",
      "collected": null,
      "available": null,
      "disableFromView": null,
      "preferredSupplier": null,
      "disableFromListory": null,
      "url": "palmolive-ultra-divine-blends-dishwashing-liquid-700-ml",
      "supplierProducts": [
        {
          "supplierProductId": 40418,
          "supplierCode": "WOOLIES",
          "supplierName": "Woolworths",
          "price": 5.76,
          "discount": 0,
          "percentDiscount": 0,
          "perGroupQuantity": null,
          "perGroupPrice": null,
          "weightDefinition": "ml",
          "cupPrice": 8.23,
          "cupDefinition": "per L",
          "cupWeight": 700,
          "cupString": "per L",
          "available": true
        }
      ]
    },
    {
      "id": 12928,
      "category": "Household & Cleaning",
      "category1": null,
      "category2": "Cleaners & Treatments",
      "category3": "Dishwashing Liquids",
      "category4": null,
      "category1Url": null,
      "category2Url": null,
      "category3Url": null,
      "category4Url": null,
      "name": "Ultra Dry Skin Dishwashing Liquid",
      "brand": "Palmolive",
      "brandAndName": "Palmolive Ultra Dry Skin Dishwashing Liquid ",
      "volumeSize": "750ml",
      "imageFileName": "12928.jpg",
      "collected": null,
      "available": null,
      "disableFromView": null,
      "preferredSupplier": null,
      "disableFromListory": null,
      "url": "palmolive-ultra-dry-skin-dishwashing-liquid-750-ml",
      "supplierProducts": [
        {
          "supplierProductId": 50388,
          "supplierCode": "WOOLIES",
          "supplierName": "Woolworths",
          "price": 5.76,
          "discount": 0,
          "percentDiscount": 0,
          "perGroupQuantity": null,
          "perGroupPrice": null,
          "weightDefinition": "ml",
          "cupPrice": 7.68,
          "cupDefinition": "per L",
          "cupWeight": 750,
          "cupString": "per L",
          "available": true
        }
      ]
    },
    {
      "id": 12929,
      "category": "Household & Cleaning",
      "category1": null,
      "category2": "Cleaners & Treatments",
      "category3": "Dishwashing Liquids",
      "category4": null,
      "category1Url": null,
      "category2Url": null,
      "category3Url": null,
      "category4Url": null,
      "name": "Original Dishwashing Liquid",
      "brand": "Fairy",
      "brandAndName": "Fairy Original Dishwashing Liquid ",
      "volumeSize": "433ml",
      "imageFileName": "40366.jpg",
      "collected": null,
      "available": null,
      "disableFromView": null,
      "preferredSupplier": null,
      "disableFromListory": null,
      "url": "fairy-original-dishwashing-liquid-433-ml",
      "supplierProducts": [
        {
          "supplierProductId": 12929,
          "supplierCode": "COLES",
          "supplierName": "Coles",
          "price": 4.39,
          "discount": 0,
          "percentDiscount": 0,
          "perGroupQuantity": null,
          "perGroupPrice": null,
          "weightDefinition": "ml",
          "cupPrice": 10.14,
          "cupDefinition": "per L",
          "cupWeight": 433,
          "cupString": "per L",
          "available": true
        },
        {
          "supplierProductId": 40366,
          "supplierCode": "WOOLIES",
          "supplierName": "Woolworths",
          "price": 3,
          "discount": 0,
          "percentDiscount": 0,
          "perGroupQuantity": 0,
          "perGroupPrice": 0,
          "weightDefinition": "ml",
          "cupPrice": 6.93,
          "cupDefinition": "per L",
          "cupWeight": 433,
          "cupString": "per L",
          "available": true
        }
      ]
    },
    {
      "id": 12930,
      "category": "Household & Cleaning",
      "category1": null,
      "category2": "Cleaners & Treatments",
      "category3": "Dishwashing Liquids",
      "category4": null,
      "category1Url": null,
      "category2Url": null,
      "category3Url": null,
      "category4Url": null,
      "name": "Ultra Antibacterial Dishwashing Liquid",
      "brand": "Palmolive",
      "brandAndName": "Palmolive Ultra Antibacterial Dishwashing Liquid ",
      "volumeSize": "750ml",
      "imageFileName": "40413.jpg",
      "collected": null,
      "available": null,
      "disableFromView": null,
      "preferredSupplier": null,
      "disableFromListory": null,
      "url": "palmolive-ultra-antibacterial-dishwashing-liquid-750-ml",
      "supplierProducts": [
        {
          "supplierProductId": 40413,
          "supplierCode": "WOOLIES",
          "supplierName": "Woolworths",
          "price": 5.76,
          "discount": 0,
          "percentDiscount": 0,
          "perGroupQuantity": null,
          "perGroupPrice": null,
          "weightDefinition": "ml",
          "cupPrice": 7.68,
          "cupDefinition": "per L",
          "cupWeight": 750,
          "cupString": "per L",
          "available": true
        }
      ]
    },
    {
      "id": 12931,
      "category": "Household & Cleaning",
      "category1": null,
      "category2": "Cleaners & Treatments",
      "category3": "Dishwashing Liquids",
      "category4": null,
      "category1Url": null,
      "category2Url": null,
      "category3Url": null,
      "category4Url": null,
      "name": "Sweet Pea & Freesia Limited Edition Dishwashing Liquid",
      "brand": "Morning Fresh",
      "brandAndName": "Morning Fresh Sweet Pea & Freesia Limited Edition Dishwashing Liquid ",
      "volumeSize": "400ml",
      "imageFileName": "40404.jpg",
      "collected": null,
      "available": null,
      "disableFromView": null,
      "preferredSupplier": null,
      "disableFromListory": null,
      "url": "morning-fresh-sweet-pea-and-freesia-limited-edition-dishwashing-liquid-400-ml",
      "supplierProducts": [
        {
          "supplierProductId": 12931,
          "supplierCode": "COLES",
          "supplierName": "Coles",
          "price": 4.35,
          "discount": 0,
          "percentDiscount": 0,
          "perGroupQuantity": null,
          "perGroupPrice": null,
          "weightDefinition": "ml",
          "cupPrice": 10.88,
          "cupDefinition": "per L",
          "cupWeight": 400,
          "cupString": "per L",
          "available": true
        }
      ]
    },
    {
      "id": 12932,
      "category": "Household & Cleaning",
      "category1": null,
      "category2": "Cleaners & Treatments",
      "category3": "Dishwashing Liquids",
      "category4": null,
      "category1Url": null,
      "category2Url": null,
      "category3Url": null,
      "category4Url": null,
      "name": "Ultra Dry Skin Dishwashing Liquid",
      "brand": "Palmolive",
      "brandAndName": "Palmolive Ultra Dry Skin Dishwashing Liquid ",
      "volumeSize": "400ml",
      "imageFileName": "40415.jpg",
      "collected": null,
      "available": null,
      "disableFromView": null,
      "preferredSupplier": null,
      "disableFromListory": null,
      "url": "palmolive-ultra-dry-skin-dishwashing-liquid-400-ml",
      "supplierProducts": [
        {
          "supplierProductId": 12932,
          "supplierCode": "COLES",
          "supplierName": "Coles",
          "price": 3,
          "discount": 0,
          "percentDiscount": 0,
          "perGroupQuantity": 0,
          "perGroupPrice": 0,
          "weightDefinition": "ml",
          "cupPrice": 7.5,
          "cupDefinition": "per L",
          "cupWeight": 400,
          "cupString": "per L",
          "available": true
        },
        {
          "supplierProductId": 40415,
          "supplierCode": "WOOLIES",
          "supplierName": "Woolworths",
          "price": 3,
          "discount": 0,
          "percentDiscount": 0,
          "perGroupQuantity": 0,
          "perGroupPrice": 0,
          "weightDefinition": "ml",
          "cupPrice": 7.5,
          "cupDefinition": "per L",
          "cupWeight": 400,
          "cupString": "per L",
          "available": true
        }
      ]
    },
    {
      "id": 12933,
      "category": "Household & Cleaning",
      "category1": null,
      "category2": "Cleaners & Treatments",
      "category3": "Dishwashing Liquids",
      "category4": null,
      "category1Url": null,
      "category2Url": null,
      "category3Url": null,
      "category4Url": null,
      "name": "Ultra Divine Blends Lotus Flower Dishwashing Liquid",
      "brand": "Palmolive",
      "brandAndName": "Palmolive Ultra Divine Blends Lotus Flower Dishwashing Liquid ",
      "volumeSize": "375ml",
      "imageFileName": "40419.jpg",
      "collected": null,
      "available": null,
      "disableFromView": null,
      "preferredSupplier": null,
      "disableFromListory": null,
      "url": "palmolive-ultra-divine-blends-lotus-flower-dishwashing-liquid-375-ml",
      "supplierProducts": [
        {
          "supplierProductId": 12933,
          "supplierCode": "COLES",
          "supplierName": "Coles",
          "price": 3,
          "discount": 0,
          "percentDiscount": 0,
          "perGroupQuantity": 0,
          "perGroupPrice": 0,
          "weightDefinition": "ml",
          "cupPrice": 8,
          "cupDefinition": "per L",
          "cupWeight": 375,
          "cupString": "per L",
          "available": true
        },
        {
          "supplierProductId": 40419,
          "supplierCode": "WOOLIES",
          "supplierName": "Woolworths",
          "price": 3,
          "discount": 0,
          "percentDiscount": 0,
          "perGroupQuantity": 0,
          "perGroupPrice": 0,
          "weightDefinition": "ml",
          "cupPrice": 8,
          "cupDefinition": "per L",
          "cupWeight": 375,
          "cupString": "per L",
          "available": true
        }
      ]
    },
    {
      "id": 12934,
      "category": "Household & Cleaning",
      "category1": null,
      "category2": "Cleaners & Treatments",
      "category3": "Dishwashing Liquids",
      "category4": null,
      "category1Url": null,
      "category2Url": null,
      "category3Url": null,
      "category4Url": null,
      "name": "Blood Orange Dishwashing Liquid Concentrate",
      "brand": "Earth Choice",
      "brandAndName": "Earth Choice Blood Orange Dishwashing Liquid Concentrate ",
      "volumeSize": "500ml",
      "imageFileName": "12934.jpg",
      "collected": null,
      "available": null,
      "disableFromView": null,
      "preferredSupplier": null,
      "disableFromListory": null,
      "url": "earth-choice-blood-orange-dishwashing-liquid-concentrate-500-ml",
      "supplierProducts": [
        {
          "supplierProductId": 12934,
          "supplierCode": "COLES",
          "supplierName": "Coles",
          "price": 3.3,
          "discount": 0,
          "percentDiscount": 0,
          "perGroupQuantity": null,
          "perGroupPrice": null,
          "weightDefinition": "ml",
          "cupPrice": 6.6,
          "cupDefinition": "per L",
          "cupWeight": 500,
          "cupString": "per L",
          "available": true
        }
      ]
    },
    {
      "id": 12935,
      "category": "Household & Cleaning",
      "category1": null,
      "category2": "Cleaners & Treatments",
      "category3": "Dishwashing Liquids",
      "category4": null,
      "category1Url": null,
      "category2Url": null,
      "category3Url": null,
      "category4Url": null,
      "name": "Ultra Original Dishwashing Liquid",
      "brand": "Palmolive",
      "brandAndName": "Palmolive Ultra Original Dishwashing Liquid ",
      "volumeSize": "750ml",
      "imageFileName": "40417.jpg",
      "collected": null,
      "available": null,
      "disableFromView": null,
      "preferredSupplier": null,
      "disableFromListory": null,
      "url": "palmolive-ultra-original-dishwashing-liquid-750-ml",
      "supplierProducts": [
        {
          "supplierProductId": 40417,
          "supplierCode": "WOOLIES",
          "supplierName": "Woolworths",
          "price": 5.76,
          "discount": 0,
          "percentDiscount": 0,
          "perGroupQuantity": null,
          "perGroupPrice": null,
          "weightDefinition": "ml",
          "cupPrice": 7.68,
          "cupDefinition": "per L",
          "cupWeight": 750,
          "cupString": "per L",
          "available": true
        }
      ]
    },
    {
      "id": 12936,
      "category": "Household & Cleaning",
      "category1": null,
      "category2": "Cleaners & Treatments",
      "category3": "Dishwashing Liquids",
      "category4": null,
      "category1Url": null,
      "category2Url": null,
      "category3Url": null,
      "category4Url": null,
      "name": "Ultra Baking Soda & Lime Fusion Dishwashing Liquid",
      "brand": "Palmolive",
      "brandAndName": "Palmolive Ultra Baking Soda & Lime Fusion Dishwashing Liquid ",
      "volumeSize": "375ml",
      "imageFileName": "12936.jpg",
      "collected": null,
      "available": null,
      "disableFromView": null,
      "preferredSupplier": null,
      "disableFromListory": null,
      "url": "palmolive-ultra-baking-soda-and-lime-fusion-dishwashing-liquid-375-ml",
      "supplierProducts": [
        {
          "supplierProductId": 12936,
          "supplierCode": "COLES",
          "supplierName": "Coles",
          "price": 3,
          "discount": 0,
          "percentDiscount": 0,
          "perGroupQuantity": 0,
          "perGroupPrice": 0,
          "weightDefinition": "ml",
          "cupPrice": 8,
          "cupDefinition": "per L",
          "cupWeight": 375,
          "cupString": "per L",
          "available": true
        },
        {
          "supplierProductId": 76146,
          "supplierCode": "WOOLIES",
          "supplierName": "Woolworths",
          "price": 3,
          "discount": 0,
          "percentDiscount": 0,
          "perGroupQuantity": null,
          "perGroupPrice": null,
          "weightDefinition": "ml",
          "cupPrice": 8,
          "cupDefinition": "per L",
          "cupWeight": 375,
          "cupString": "per L",
          "available": true
        }
      ]
    },
    {
      "id": 12937,
      "category": "Household & Cleaning",
      "category1": null,
      "category2": "Cleaners & Treatments",
      "category3": "Dishwashing Liquids",
      "category4": null,
      "category1Url": null,
      "category2Url": null,
      "category3Url": null,
      "category4Url": null,
      "name": "Green Tea & Lime Dishwashing Liquid Concentrate",
      "brand": "Earth Choice",
      "brandAndName": "Earth Choice Green Tea & Lime Dishwashing Liquid Concentrate ",
      "volumeSize": "900ml",
      "imageFileName": "40355.jpg",
      "collected": null,
      "available": null,
      "disableFromView": null,
      "preferredSupplier": null,
      "disableFromListory": null,
      "url": "earth-choice-green-tea-and-lime-dishwashing-liquid-concentrate-900-ml",
      "supplierProducts": [
        {
          "supplierProductId": 40355,
          "supplierCode": "WOOLIES",
          "supplierName": "Woolworths",
          "price": 5.34,
          "discount": 0,
          "percentDiscount": 0,
          "perGroupQuantity": null,
          "perGroupPrice": null,
          "weightDefinition": "ml",
          "cupPrice": 5.93,
          "cupDefinition": "per L",
          "cupWeight": 900,
          "cupString": "per L",
          "available": true
        }
      ]
    },
    {
      "id": 40361,
      "category": "Household & Cleaning",
      "category1": null,
      "category2": "Cleaners & Treatments",
      "category3": "Dishwashing Liquids",
      "category4": null,
      "category1Url": null,
      "category2Url": null,
      "category3Url": null,
      "category4Url": null,
      "name": "Dishwashing Liquid",
      "brand": "Ecostore",
      "brandAndName": "Ecostore Dishwashing Liquid ",
      "volumeSize": "500ml",
      "imageFileName": "40361.jpg",
      "collected": null,
      "available": null,
      "disableFromView": null,
      "preferredSupplier": null,
      "disableFromListory": null,
      "url": "ecostore-dishwashing-liquid-500-ml",
      "supplierProducts": [
        {
          "supplierProductId": 40361,
          "supplierCode": "WOOLIES",
          "supplierName": "Woolworths",
          "price": 4.29,
          "discount": 0,
          "percentDiscount": 0,
          "perGroupQuantity": null,
          "perGroupPrice": null,
          "weightDefinition": "ml",
          "cupPrice": 8.58,
          "cupDefinition": "per L",
          "cupWeight": 500,
          "cupString": "per L",
          "available": true
        }
      ]
    },
    {
      "id": 40364,
      "category": "Household & Cleaning",
      "category1": null,
      "category2": "Cleaners & Treatments",
      "category3": "Dishwashing Liquids",
      "category4": null,
      "category1Url": null,
      "category2Url": null,
      "category3Url": null,
      "category4Url": null,
      "name": "Hand Dishwashing Liquid Lemon",
      "brand": "Fairy",
      "brandAndName": "Fairy Hand Dishwashing Liquid Lemon ",
      "volumeSize": "433ml",
      "imageFileName": "40364.jpg",
      "collected": null,
      "available": null,
      "disableFromView": null,
      "preferredSupplier": null,
      "disableFromListory": null,
      "url": "fairy-hand-dishwashing-liquid-lemon-433-ml",
      "supplierProducts": [
        {
          "supplierProductId": 40364,
          "supplierCode": "WOOLIES",
          "supplierName": "Woolworths",
          "price": 3,
          "discount": 0,
          "percentDiscount": 0,
          "perGroupQuantity": 0,
          "perGroupPrice": 0,
          "weightDefinition": "ml",
          "cupPrice": 6.93,
          "cupDefinition": "per L",
          "cupWeight": 433,
          "cupString": "per L",
          "available": true
        }
      ]
    },
    {
      "id": 40406,
      "category": "Household & Cleaning",
      "category1": null,
      "category2": "Cleaners & Treatments",
      "category3": "Dishwashing Liquids",
      "category4": null,
      "category1Url": null,
      "category2Url": null,
      "category3Url": null,
      "category4Url": null,
      "name": "Dishwashing Liquid Sweet Pea & Freesia",
      "brand": "Morning Fresh",
      "brandAndName": "Morning Fresh Dishwashing Liquid Sweet Pea & Freesia ",
      "volumeSize": "900ml",
      "imageFileName": null,
      "collected": null,
      "available": null,
      "disableFromView": null,
      "preferredSupplier": null,
      "disableFromListory": null,
      "url": "morning-fresh-dishwashing-liquid-sweet-pea-and-freesia-900-ml",
      "supplierProducts": [
        {
          "supplierProductId": 40406,
          "supplierCode": "WOOLIES",
          "supplierName": "Woolworths",
          "price": 6.95,
          "discount": 0,
          "percentDiscount": 0,
          "perGroupQuantity": null,
          "perGroupPrice": null,
          "weightDefinition": "ml",
          "cupPrice": 7.72,
          "cupDefinition": "per L",
          "cupWeight": 900,
          "cupString": "per L",
          "available": true
        }
      ]
    },
    {
      "id": 40431,
      "category": "Household & Cleaning",
      "category1": null,
      "category2": "Cleaners & Treatments",
      "category3": "Dishwashing Liquids",
      "category4": null,
      "category1Url": null,
      "category2Url": null,
      "category3Url": null,
      "category4Url": null,
      "name": "Dishwashing Liquid Antibacterial",
      "brand": "Woolworths Select",
      "brandAndName": "Woolworths Select Dishwashing Liquid Antibacterial ",
      "volumeSize": "900ml",
      "imageFileName": "40431.jpg",
      "collected": null,
      "available": null,
      "disableFromView": null,
      "preferredSupplier": null,
      "disableFromListory": null,
      "url": "woolworths-select-dishwashing-liquid-antibacterial-900-ml",
      "supplierProducts": [
        {
          "supplierProductId": 40431,
          "supplierCode": "WOOLIES",
          "supplierName": "Woolworths",
          "price": 2.69,
          "discount": 0,
          "percentDiscount": 0,
          "perGroupQuantity": 0,
          "perGroupPrice": 0,
          "weightDefinition": "ml",
          "cupPrice": 2.99,
          "cupDefinition": "per L",
          "cupWeight": 900,
          "cupString": "per L",
          "available": true
        }
      ]
    },
    {
      "id": 40432,
      "category": "Household & Cleaning",
      "category1": null,
      "category2": "Cleaners & Treatments",
      "category3": "Dishwashing Liquids",
      "category4": null,
      "category1Url": null,
      "category2Url": null,
      "category3Url": null,
      "category4Url": null,
      "name": "Dishwashing Liquid Concentrate Lemon",
      "brand": "Woolworths Select",
      "brandAndName": "Woolworths Select Dishwashing Liquid Concentrate Lemon ",
      "volumeSize": "900ml",
      "imageFileName": "40432.jpg",
      "collected": null,
      "available": null,
      "disableFromView": null,
      "preferredSupplier": null,
      "disableFromListory": null,
      "url": "woolworths-select-dishwashing-liquid-concentrate-lemon-900-ml",
      "supplierProducts": [
        {
          "supplierProductId": 40432,
          "supplierCode": "WOOLIES",
          "supplierName": "Woolworths",
          "price": 2.69,
          "discount": 0,
          "percentDiscount": 0,
          "perGroupQuantity": 0,
          "perGroupPrice": 0,
          "weightDefinition": "ml",
          "cupPrice": 2.99,
          "cupDefinition": "per L",
          "cupWeight": 900,
          "cupString": "per L",
          "available": true
        }
      ]
    },
    {
      "id": 55004,
      "category": "Household & Cleaning",
      "category1": null,
      "category2": "Cleaners & Treatments",
      "category3": "Dishwashing Liquids",
      "category4": null,
      "category1Url": null,
      "category2Url": null,
      "category3Url": null,
      "category4Url": null,
      "name": "Lemon Dishwashing Liquid",
      "brand": "Morning Fresh",
      "brandAndName": "Morning Fresh Lemon Dishwashing Liquid ",
      "volumeSize": "400ml",
      "imageFileName": "54976.jpg",
      "collected": null,
      "available": null,
      "disableFromView": null,
      "preferredSupplier": null,
      "disableFromListory": null,
      "url": "morning-fresh-lemon-dishwashing-liquid-400-ml",
      "supplierProducts": [
        {
          "supplierProductId": 54976,
          "supplierCode": "COLES",
          "supplierName": "Coles",
          "price": 4.35,
          "discount": 0,
          "percentDiscount": 0,
          "perGroupQuantity": null,
          "perGroupPrice": null,
          "weightDefinition": "ml",
          "cupPrice": 10.88,
          "cupDefinition": "per L",
          "cupWeight": 400,
          "cupString": "per L",
          "available": true
        }
      ]
    },
    {
      "id": 55935,
      "category": "Household & Cleaning",
      "category1": null,
      "category2": "Cleaners & Treatments",
      "category3": "Dishwashing Liquids",
      "category4": null,
      "category1Url": null,
      "category2Url": null,
      "category3Url": null,
      "category4Url": null,
      "name": "Shine Dishwashing Liquid Antibacterial",
      "brand": "Woolworths Select",
      "brandAndName": "Woolworths Select Shine Dishwashing Liquid Antibacterial ",
      "volumeSize": "450ml",
      "imageFileName": "40442.jpg",
      "collected": null,
      "available": null,
      "disableFromView": null,
      "preferredSupplier": null,
      "disableFromListory": null,
      "url": "woolworths-select-shine-dishwashing-liquid-antibacterial-450-ml",
      "supplierProducts": [
        {
          "supplierProductId": 40442,
          "supplierCode": "WOOLIES",
          "supplierName": "Woolworths",
          "price": 1.7,
          "discount": 0,
          "percentDiscount": 0,
          "perGroupQuantity": null,
          "perGroupPrice": null,
          "weightDefinition": "ml",
          "cupPrice": 3.78,
          "cupDefinition": "per L",
          "cupWeight": 450,
          "cupString": "per L",
          "available": true
        }
      ]
    },
    {
      "id": 88729,
      "category": "Household & Cleaning",
      "category1": null,
      "category2": "Cleaners & Treatments",
      "category3": "Dishwashing Liquids",
      "category4": null,
      "category1Url": null,
      "category2Url": null,
      "category3Url": null,
      "category4Url": null,
      "name": "Ultimate Orginal Dishwashing Liquid",
      "brand": "Morning Fresh",
      "brandAndName": "Morning Fresh Ultimate Orginal Dishwashing Liquid ",
      "volumeSize": "350ml",
      "imageFileName": null,
      "collected": null,
      "available": null,
      "disableFromView": null,
      "preferredSupplier": null,
      "disableFromListory": null,
      "url": "morning-fresh-ultimate-orginal-dishwashing-liquid-350-ml",
      "supplierProducts": [
        {
          "supplierProductId": 87657,
          "supplierCode": "COLES",
          "supplierName": "Coles",
          "price": 4.4,
          "discount": 0,
          "percentDiscount": 0,
          "perGroupQuantity": null,
          "perGroupPrice": null,
          "weightDefinition": "ml",
          "cupPrice": 12.57,
          "cupDefinition": "per L",
          "cupWeight": 350,
          "cupString": "per L",
          "available": true
        }
      ]
    },
    {
      "id": 88731,
      "category": "Household & Cleaning",
      "category1": null,
      "category2": "Cleaners & Treatments",
      "category3": "Dishwashing Liquids",
      "category4": null,
      "category1Url": null,
      "category2Url": null,
      "category3Url": null,
      "category4Url": null,
      "name": "Ultimate Lemon Dishwashing Liquid",
      "brand": "Morning Fresh",
      "brandAndName": "Morning Fresh Ultimate Lemon Dishwashing Liquid ",
      "volumeSize": "350ml",
      "imageFileName": null,
      "collected": null,
      "available": null,
      "disableFromView": null,
      "preferredSupplier": null,
      "disableFromListory": null,
      "url": "morning-fresh-ultimate-lemon-dishwashing-liquid-350-ml",
      "supplierProducts": [
        {
          "supplierProductId": 87659,
          "supplierCode": "COLES",
          "supplierName": "Coles",
          "price": 4.4,
          "discount": 0,
          "percentDiscount": 0,
          "perGroupQuantity": null,
          "perGroupPrice": null,
          "weightDefinition": "ml",
          "cupPrice": 12.57,
          "cupDefinition": "per L",
          "cupWeight": 350,
          "cupString": "per L",
          "available": true
        }
      ]
    },
    {
      "id": 89794,
      "category": "Household & Cleaning",
      "category1": null,
      "category2": "Cleaners & Treatments",
      "category3": "Dishwashing Liquids",
      "category4": null,
      "category1Url": null,
      "category2Url": null,
      "category3Url": null,
      "category4Url": null,
      "name": "Dishwashing Liquid",
      "brand": "Homebrand",
      "brandAndName": "Homebrand Dishwashing Liquid ",
      "volumeSize": "1L",
      "imageFileName": "40395.jpg",
      "collected": null,
      "available": null,
      "disableFromView": null,
      "preferredSupplier": null,
      "disableFromListory": null,
      "url": "homebrand-dishwashing-liquid-1000-ml",
      "supplierProducts": [
        {
          "supplierProductId": 40395,
          "supplierCode": "WOOLIES",
          "supplierName": "Woolworths",
          "price": 0.99,
          "discount": 0,
          "percentDiscount": 0,
          "perGroupQuantity": 0,
          "perGroupPrice": 0,
          "weightDefinition": "ml",
          "cupPrice": 0.99,
          "cupDefinition": "per L",
          "cupWeight": 1000,
          "cupString": "per L",
          "available": true
        }
      ]
    },
    {
      "id": 89989,
      "category": "Household & Cleaning",
      "category1": null,
      "category2": "Cleaners & Treatments",
      "category3": "Dishwashing Liquids",
      "category4": null,
      "category1Url": null,
      "category2Url": null,
      "category3Url": null,
      "category4Url": null,
      "name": "Shine Dishwashing Liquid Lemon",
      "brand": "Woolworths Select",
      "brandAndName": "Woolworths Select Shine Dishwashing Liquid Lemon ",
      "volumeSize": "450ml",
      "imageFileName": "40443.jpg",
      "collected": null,
      "available": null,
      "disableFromView": null,
      "preferredSupplier": null,
      "disableFromListory": null,
      "url": "woolworths-select-shine-dishwashing-liquid-lemon-450-ml",
      "supplierProducts": [
        {
          "supplierProductId": 40443,
          "supplierCode": "WOOLIES",
          "supplierName": "Woolworths",
          "price": 1.7,
          "discount": 0,
          "percentDiscount": 0,
          "perGroupQuantity": null,
          "perGroupPrice": null,
          "weightDefinition": "ml",
          "cupPrice": 3.78,
          "cupDefinition": "per L",
          "cupWeight": 450,
          "cupString": "per L",
          "available": true
        }
      ]
    },
    {
      "id": 89990,
      "category": "Household & Cleaning",
      "category1": null,
      "category2": "Cleaners & Treatments",
      "category3": "Dishwashing Liquids",
      "category4": null,
      "category1Url": null,
      "category2Url": null,
      "category3Url": null,
      "category4Url": null,
      "name": "Shine Dishwashing Liquid Lime",
      "brand": "Woolworths Select",
      "brandAndName": "Woolworths Select Shine Dishwashing Liquid Lime ",
      "volumeSize": "450ml",
      "imageFileName": "40444.jpg",
      "collected": null,
      "available": null,
      "disableFromView": null,
      "preferredSupplier": null,
      "disableFromListory": null,
      "url": "woolworths-select-shine-dishwashing-liquid-lime-450-ml",
      "supplierProducts": [
        {
          "supplierProductId": 40444,
          "supplierCode": "WOOLIES",
          "supplierName": "Woolworths",
          "price": 1.7,
          "discount": 0,
          "percentDiscount": 0,
          "perGroupQuantity": null,
          "perGroupPrice": null,
          "weightDefinition": "ml",
          "cupPrice": 3.78,
          "cupDefinition": "per L",
          "cupWeight": 450,
          "cupString": "per L",
          "available": true
        }
      ]
    }
  ],
  "isLastPage": true,
  "ageRestriction": null,
  "postcode": 411,
  "hasDOB": false,
  "underAge": false,
  "filters": [
    {
      "code": "BRAND",
      "metaDatas": [
        {
          "name": "Coles",
          "url": null,
          "count": 6,
          "id": null,
          "parentId": null,
          "level": null
        },
        {
          "name": "Coles Smart Buy",
          "url": null,
          "count": 1,
          "id": null,
          "parentId": null,
          "level": null
        },
        {
          "name": "Earth Choice",
          "url": null,
          "count": 4,
          "id": null,
          "parentId": null,
          "level": null
        },
        {
          "name": "Ecostore",
          "url": null,
          "count": 1,
          "id": null,
          "parentId": null,
          "level": null
        },
        {
          "name": "Fairy",
          "url": null,
          "count": 3,
          "id": null,
          "parentId": null,
          "level": null
        },
        {
          "name": "Homebrand",
          "url": null,
          "count": 1,
          "id": null,
          "parentId": null,
          "level": null
        },
        {
          "name": "Morning Fresh",
          "url": null,
          "count": 9,
          "id": null,
          "parentId": null,
          "level": null
        },
        {
          "name": "Palmolive",
          "url": null,
          "count": 9,
          "id": null,
          "parentId": null,
          "level": null
        },
        {
          "name": "Woolworths Select",
          "url": null,
          "count": 5,
          "id": null,
          "parentId": null,
          "level": null
        }
      ]
    },
    {
      "code": "CATEGORY1",
      "metaDatas": [
        {
          "name": "Household & Cleaning",
          "url": "household-cleaning",
          "count": 39,
          "id": 40547,
          "parentId": null,
          "level": 1
        }
      ]
    },
    {
      "code": "CATEGORY2",
      "metaDatas": [
        {
          "name": "Cleaners & Treatments",
          "url": "cleaners-treatments",
          "count": 39,
          "id": 40548,
          "parentId": 40547,
          "level": 2
        }
      ]
    },
    {
      "code": "CATEGORY3",
      "metaDatas": [
        {
          "name": "Dishwashing Liquids",
          "url": "dishwashing-liquids",
          "count": 39,
          "id": 41725,
          "parentId": 40548,
          "level": 2
        }
      ]
    },
    {
      "code": "VOLUMESIZE",
      "metaDatas": [
        {
          "name": "1000ml ",
          "url": null,
          "count": 4,
          "id": null,
          "parentId": null,
          "level": 0
        },
        {
          "name": "350ml ",
          "url": null,
          "count": 2,
          "id": null,
          "parentId": null,
          "level": 0
        },
        {
          "name": "375ml ",
          "url": null,
          "count": 2,
          "id": null,
          "parentId": null,
          "level": 0
        },
        {
          "name": "400ml ",
          "url": null,
          "count": 5,
          "id": null,
          "parentId": null,
          "level": 0
        },
        {
          "name": "433ml ",
          "url": null,
          "count": 3,
          "id": null,
          "parentId": null,
          "level": 0
        },
        {
          "name": "450ml ",
          "url": null,
          "count": 7,
          "id": null,
          "parentId": null,
          "level": 0
        },
        {
          "name": "500ml ",
          "url": null,
          "count": 4,
          "id": null,
          "parentId": null,
          "level": 0
        },
        {
          "name": "700ml ",
          "url": null,
          "count": 1,
          "id": null,
          "parentId": null,
          "level": 0
        },
        {
          "name": "750ml ",
          "url": null,
          "count": 3,
          "id": null,
          "parentId": null,
          "level": 0
        },
        {
          "name": "900ml ",
          "url": null,
          "count": 8,
          "id": null,
          "parentId": null,
          "level": 0
        }
      ]
    }
  ]
}
