{
  "hits": 36,
  "items": [
    {
      "id": 2974,
      "category": "Snacks & Sweets",
      "category1": null,
      "category2": "Biscuits & Cookies",
      "category3": "Chocolate Biscuits",
      "category4": null,
      "category1Url": null,
      "category2Url": null,
      "category3Url": null,
      "category4Url": null,
      "name": "Caramel Crowns Chocolate Biscuits",
      "brand": "Arnott's",
      "brandAndName": "Arnott's Caramel Crowns Chocolate Biscuits ",
      "volumeSize": "200g",
      "imageFileName": "31960.jpg",
      "collected": null,
      "available": null,
      "disableFromView": null,
      "preferredSupplier": null,
      "disableFromListory": null,
      "url": "arnotts-caramel-crowns-chocolate-biscuits-200-g",
      "supplierProducts": [
        {
          "supplierProductId": 31960,
          "supplierCode": "WOOLIES",
          "supplierName": "Woolworths",
          "price": 3.65,
          "discount": 0,
          "percentDiscount": 0,
          "perGroupQuantity": null,
          "perGroupPrice": null,
          "weightDefinition": "g",
          "cupPrice": 18.25,
          "cupDefinition": "per kg",
          "cupWeight": 200,
          "cupString": "per kg",
          "available": true
        },
        {
          "supplierProductId": 2974,
          "supplierCode": "COLES",
          "supplierName": "Coles",
          "price": 4.02,
          "discount": 0,
          "percentDiscount": 0,
          "perGroupQuantity": 2,
          "perGroupPrice": 5,
          "weightDefinition": "g",
          "cupPrice": 20.1,
          "cupDefinition": "per kg",
          "cupWeight": 200,
          "cupString": "per kg",
          "available": true
        }
      ]
    },
    {
      "id": 2978,
      "category": "Snacks & Sweets",
      "category1": null,
      "category2": "Biscuits & Cookies",
      "category3": "Chocolate Biscuits",
      "category4": null,
      "category1Url": null,
      "category2Url": null,
      "category3Url": null,
      "category4Url": null,
      "name": "Monte Chocolate Biscuits",
      "brand": "Arnott's",
      "brandAndName": "Arnott's Monte Chocolate Biscuits ",
      "volumeSize": "200g",
      "imageFileName": "31962.jpg",
      "collected": null,
      "available": null,
      "disableFromView": null,
      "preferredSupplier": null,
      "disableFromListory": null,
      "url": "arnotts-monte-chocolate-biscuits-200-g",
      "supplierProducts": [
        {
          "supplierProductId": 31962,
          "supplierCode": "WOOLIES",
          "supplierName": "Woolworths",
          "price": 3.65,
          "discount": 0,
          "percentDiscount": 0,
          "perGroupQuantity": null,
          "perGroupPrice": null,
          "weightDefinition": "g",
          "cupPrice": 18.25,
          "cupDefinition": "per kg",
          "cupWeight": 200,
          "cupString": "per kg",
          "available": true
        },
        {
          "supplierProductId": 2978,
          "supplierCode": "COLES",
          "supplierName": "Coles",
          "price": 4.02,
          "discount": 0,
          "percentDiscount": 0,
          "perGroupQuantity": 2,
          "perGroupPrice": 5,
          "weightDefinition": "g",
          "cupPrice": 20.1,
          "cupDefinition": "per kg",
          "cupWeight": 200,
          "cupString": "per kg",
          "available": true
        }
      ]
    },
    {
      "id": 2981,
      "category": "Snacks & Sweets",
      "category1": null,
      "category2": "Biscuits & Cookies",
      "category3": "Chocolate Biscuits",
      "category4": null,
      "category1Url": null,
      "category2Url": null,
      "category3Url": null,
      "category4Url": null,
      "name": "Mini Chocolate Wagon Wheels",
      "brand": "Arnott's",
      "brandAndName": "Arnott's Mini Chocolate Wagon Wheels ",
      "volumeSize": "190g",
      "imageFileName": "32025.jpg",
      "collected": null,
      "available": null,
      "disableFromView": null,
      "preferredSupplier": null,
      "disableFromListory": null,
      "url": "arnotts-mini-chocolate-wagon-wheels-190-g",
      "supplierProducts": [
        {
          "supplierProductId": 2981,
          "supplierCode": "COLES",
          "supplierName": "Coles",
          "price": 4.02,
          "discount": 0,
          "percentDiscount": 0,
          "perGroupQuantity": 2,
          "perGroupPrice": 5,
          "weightDefinition": "g",
          "cupPrice": 21.16,
          "cupDefinition": "per kg",
          "cupWeight": 190,
          "cupString": "per kg",
          "available": true
        }
      ]
    },
    {
      "id": 2986,
      "category": "Snacks & Sweets",
      "category1": null,
      "category2": "Biscuits & Cookies",
      "category3": "Chocolate Biscuits",
      "category4": null,
      "category1Url": null,
      "category2Url": null,
      "category3Url": null,
      "category4Url": null,
      "name": "Gaiety Chocolate Biscuits",
      "brand": "Arnott's",
      "brandAndName": "Arnott's Gaiety Chocolate Biscuits ",
      "volumeSize": "160g",
      "imageFileName": "31972.jpg",
      "collected": null,
      "available": null,
      "disableFromView": null,
      "preferredSupplier": null,
      "disableFromListory": null,
      "url": "arnotts-gaiety-chocolate-biscuits-160-g",
      "supplierProducts": [
        {
          "supplierProductId": 31972,
          "supplierCode": "WOOLIES",
          "supplierName": "Woolworths",
          "price": 3.65,
          "discount": 0,
          "percentDiscount": 0,
          "perGroupQuantity": null,
          "perGroupPrice": null,
          "weightDefinition": "g",
          "cupPrice": 22.81,
          "cupDefinition": "per kg",
          "cupWeight": 160,
          "cupString": "per kg",
          "available": true
        },
        {
          "supplierProductId": 2986,
          "supplierCode": "COLES",
          "supplierName": "Coles",
          "price": 4.02,
          "discount": 0,
          "percentDiscount": 0,
          "perGroupQuantity": 2,
          "perGroupPrice": 5,
          "weightDefinition": "g",
          "cupPrice": 25.12,
          "cupDefinition": "per kg",
          "cupWeight": 160,
          "cupString": "per kg",
          "available": true
        }
      ]
    },
    {
      "id": 2996,
      "category": "Snacks & Sweets",
      "category1": null,
      "category2": "Biscuits & Cookies",
      "category3": "Chocolate Biscuits",
      "category4": null,
      "category1Url": null,
      "category2Url": null,
      "category3Url": null,
      "category4Url": null,
      "name": "Milk Chocolate Royals",
      "brand": "Arnott's",
      "brandAndName": "Arnott's Milk Chocolate Royals ",
      "volumeSize": "200g",
      "imageFileName": "31996.jpg",
      "collected": null,
      "available": null,
      "disableFromView": null,
      "preferredSupplier": null,
      "disableFromListory": null,
      "url": "arnotts-milk-chocolate-royals-200-g",
      "supplierProducts": [
        {
          "supplierProductId": 31996,
          "supplierCode": "WOOLIES",
          "supplierName": "Woolworths",
          "price": 3.65,
          "discount": 0,
          "percentDiscount": 0,
          "perGroupQuantity": null,
          "perGroupPrice": null,
          "weightDefinition": "g",
          "cupPrice": 18.25,
          "cupDefinition": "per kg",
          "cupWeight": 200,
          "cupString": "per kg",
          "available": true
        },
        {
          "supplierProductId": 2996,
          "supplierCode": "COLES",
          "supplierName": "Coles",
          "price": 4.02,
          "discount": 0,
          "percentDiscount": 0,
          "perGroupQuantity": 2,
          "perGroupPrice": 5,
          "weightDefinition": "g",
          "cupPrice": 20.1,
          "cupDefinition": "per kg",
          "cupWeight": 200,
          "cupString": "per kg",
          "available": true
        }
      ]
    },
    {
      "id": 3027,
      "category": "Snacks & Sweets",
      "category1": null,
      "category2": "Biscuits & Cookies",
      "category3": "Chocolate Biscuits",
      "category4": null,
      "category1Url": null,
      "category2Url": null,
      "category3Url": null,
      "category4Url": null,
      "name": "Chocolate Wafer",
      "brand": "Oreo",
      "brandAndName": "Oreo Chocolate Wafer ",
      "volumeSize": "128g",
      "imageFileName": "3027.jpg",
      "collected": null,
      "available": null,
      "disableFromView": null,
      "preferredSupplier": null,
      "disableFromListory": null,
      "url": "oreo-chocolate-wafer-128-g",
      "supplierProducts": [
        {
          "supplierProductId": 3027,
          "supplierCode": "COLES",
          "supplierName": "Coles",
          "price": 2.64,
          "discount": 0,
          "percentDiscount": 0,
          "perGroupQuantity": null,
          "perGroupPrice": null,
          "weightDefinition": "g",
          "cupPrice": 20.62,
          "cupDefinition": "per kg",
          "cupWeight": 128,
          "cupString": "per kg",
          "available": true
        }
      ]
    },
    {
      "id": 3033,
      "category": "Snacks & Sweets",
      "category1": null,
      "category2": "Biscuits & Cookies",
      "category3": "Chocolate Biscuits",
      "category4": null,
      "category1Url": null,
      "category2Url": null,
      "category3Url": null,
      "category4Url": null,
      "name": "Honeycomb Whirls Chocolate Biscuits",
      "brand": "Coles",
      "brandAndName": "Coles Honeycomb Whirls Chocolate Biscuits ",
      "volumeSize": "200g",
      "imageFileName": "3033.jpg",
      "collected": null,
      "available": null,
      "disableFromView": null,
      "preferredSupplier": null,
      "disableFromListory": null,
      "url": "coles-honeycomb-whirls-chocolate-biscuits-200-g",
      "supplierProducts": [
        {
          "supplierProductId": 3033,
          "supplierCode": "COLES",
          "supplierName": "Coles",
          "price": 1.65,
          "discount": 0,
          "percentDiscount": 0,
          "perGroupQuantity": null,
          "perGroupPrice": null,
          "weightDefinition": "g",
          "cupPrice": 8.25,
          "cupDefinition": "per kg",
          "cupWeight": 200,
          "cupString": "per kg",
          "available": true
        }
      ]
    },
    {
      "id": 3034,
      "category": "Snacks & Sweets",
      "category1": null,
      "category2": "Biscuits & Cookies",
      "category3": "Chocolate Biscuits",
      "category4": null,
      "category1Url": null,
      "category2Url": null,
      "category3Url": null,
      "category4Url": null,
      "name": "Chocolate Caramel Deluxe Biscuits",
      "brand": "Coles",
      "brandAndName": "Coles Chocolate Caramel Deluxe Biscuits ",
      "volumeSize": "200g",
      "imageFileName": "3034.jpg",
      "collected": null,
      "available": null,
      "disableFromView": null,
      "preferredSupplier": null,
      "disableFromListory": null,
      "url": "coles-chocolate-caramel-deluxe-biscuits-200-g",
      "supplierProducts": [
        {
          "supplierProductId": 3034,
          "supplierCode": "COLES",
          "supplierName": "Coles",
          "price": 1.65,
          "discount": 0,
          "percentDiscount": 0,
          "perGroupQuantity": null,
          "perGroupPrice": null,
          "weightDefinition": "g",
          "cupPrice": 8.25,
          "cupDefinition": "per kg",
          "cupWeight": 200,
          "cupString": "per kg",
          "available": true
        }
      ]
    },
    {
      "id": 3042,
      "category": "Snacks & Sweets",
      "category1": null,
      "category2": "Biscuits & Cookies",
      "category3": "Chocolate Biscuits",
      "category4": null,
      "category1Url": null,
      "category2Url": null,
      "category3Url": null,
      "category4Url": null,
      "name": "Chocolate Chip Biscuits",
      "brand": "Coles Smart Buy",
      "brandAndName": "Coles Smart Buy Chocolate Chip Biscuits ",
      "volumeSize": "500g",
      "imageFileName": "3042.jpg",
      "collected": null,
      "available": null,
      "disableFromView": null,
      "preferredSupplier": null,
      "disableFromListory": null,
      "url": "coles-smart-buy-chocolate-chip-biscuits-500-g",
      "supplierProducts": [
        {
          "supplierProductId": 3042,
          "supplierCode": "COLES",
          "supplierName": "Coles",
          "price": 2,
          "discount": 0,
          "percentDiscount": 0,
          "perGroupQuantity": 0,
          "perGroupPrice": 0,
          "weightDefinition": "g",
          "cupPrice": 4,
          "cupDefinition": "per kg",
          "cupWeight": 500,
          "cupString": "per kg",
          "available": true
        }
      ]
    },
    {
      "id": 3043,
      "category": "Snacks & Sweets",
      "category1": null,
      "category2": "Biscuits & Cookies",
      "category3": "Chocolate Biscuits",
      "category4": null,
      "category1Url": null,
      "category2Url": null,
      "category3Url": null,
      "category4Url": null,
      "name": "Drizzles Chocolate Chunk Cookies",
      "brand": "Green's",
      "brandAndName": "Green's Drizzles Chocolate Chunk Cookies ",
      "volumeSize": "200g",
      "imageFileName": "32048.jpg",
      "collected": null,
      "available": null,
      "disableFromView": null,
      "preferredSupplier": null,
      "disableFromListory": null,
      "url": "greens-drizzles-chocolate-chunk-cookies-200-g",
      "supplierProducts": [
        {
          "supplierProductId": 32048,
          "supplierCode": "WOOLIES",
          "supplierName": "Woolworths",
          "price": 3,
          "discount": 0,
          "percentDiscount": 0,
          "perGroupQuantity": null,
          "perGroupPrice": null,
          "weightDefinition": "g",
          "cupPrice": 15,
          "cupDefinition": "per kg",
          "cupWeight": 200,
          "cupString": "per kg",
          "available": true
        },
        {
          "supplierProductId": 3043,
          "supplierCode": "COLES",
          "supplierName": "Coles",
          "price": 4.07,
          "discount": 0,
          "percentDiscount": 0,
          "perGroupQuantity": null,
          "perGroupPrice": null,
          "weightDefinition": "g",
          "cupPrice": 20.35,
          "cupDefinition": "per kg",
          "cupWeight": 200,
          "cupString": "per kg",
          "available": true
        }
      ]
    },
    {
      "id": 3054,
      "category": "Snacks & Sweets",
      "category1": null,
      "category2": "Biscuits & Cookies",
      "category3": "Chocolate Biscuits",
      "category4": null,
      "category1Url": null,
      "category2Url": null,
      "category3Url": null,
      "category4Url": null,
      "name": "Chocolate Cream Biscuits",
      "brand": "Coles",
      "brandAndName": "Coles Chocolate Cream Biscuits ",
      "volumeSize": "200g",
      "imageFileName": "3054.jpg",
      "collected": null,
      "available": null,
      "disableFromView": null,
      "preferredSupplier": null,
      "disableFromListory": null,
      "url": "coles-chocolate-cream-biscuits-200-g",
      "supplierProducts": [
        {
          "supplierProductId": 3054,
          "supplierCode": "COLES",
          "supplierName": "Coles",
          "price": 1,
          "discount": 0,
          "percentDiscount": 0,
          "perGroupQuantity": 0,
          "perGroupPrice": 0,
          "weightDefinition": "g",
          "cupPrice": 5,
          "cupDefinition": "per kg",
          "cupWeight": 200,
          "cupString": "per kg",
          "available": true
        }
      ]
    },
    {
      "id": 3065,
      "category": "Snacks & Sweets",
      "category1": null,
      "category2": "Biscuits & Cookies",
      "category3": "Chocolate Biscuits",
      "category4": null,
      "category1Url": null,
      "category2Url": null,
      "category3Url": null,
      "category4Url": null,
      "name": "Breakaway Milk Chocolate Biscuit",
      "brand": "Cadbury",
      "brandAndName": "Cadbury Breakaway Milk Chocolate Biscuit ",
      "volumeSize": "180g",
      "imageFileName": "32045.jpg",
      "collected": null,
      "available": null,
      "disableFromView": null,
      "preferredSupplier": null,
      "disableFromListory": null,
      "url": "cadbury-breakaway-milk-chocolate-biscuit-180-g",
      "supplierProducts": [
        {
          "supplierProductId": 3065,
          "supplierCode": "COLES",
          "supplierName": "Coles",
          "price": 4.4,
          "discount": 0,
          "percentDiscount": 0,
          "perGroupQuantity": null,
          "perGroupPrice": null,
          "weightDefinition": "g",
          "cupPrice": 24.44,
          "cupDefinition": "per kg",
          "cupWeight": 180,
          "cupString": "per kg",
          "available": true
        }
      ]
    },
    {
      "id": 3081,
      "category": "Snacks & Sweets",
      "category1": null,
      "category2": "Biscuits & Cookies",
      "category3": "Chocolate Biscuits",
      "category4": null,
      "category1Url": null,
      "category2Url": null,
      "category3Url": null,
      "category4Url": null,
      "name": "Chocolate Surrender Biscuits",
      "brand": "Coles",
      "brandAndName": "Coles Chocolate Surrender Biscuits ",
      "volumeSize": "200g",
      "imageFileName": "3081.jpg",
      "collected": null,
      "available": null,
      "disableFromView": null,
      "preferredSupplier": null,
      "disableFromListory": null,
      "url": "coles-chocolate-surrender-biscuits-200-g",
      "supplierProducts": [
        {
          "supplierProductId": 3081,
          "supplierCode": "COLES",
          "supplierName": "Coles",
          "price": 1.65,
          "discount": 0,
          "percentDiscount": 0,
          "perGroupQuantity": null,
          "perGroupPrice": null,
          "weightDefinition": "g",
          "cupPrice": 8.25,
          "cupDefinition": "per kg",
          "cupWeight": 200,
          "cupString": "per kg",
          "available": true
        }
      ]
    },
    {
      "id": 3089,
      "category": "Snacks & Sweets",
      "category1": null,
      "category2": "Biscuits & Cookies",
      "category3": "Chocolate Biscuits",
      "category4": null,
      "category1Url": null,
      "category2Url": null,
      "category3Url": null,
      "category4Url": null,
      "name": "Breakaway Hazelnut Chocolate Biscuit",
      "brand": "Cadbury",
      "brandAndName": "Cadbury Breakaway Hazelnut Chocolate Biscuit ",
      "volumeSize": "180g",
      "imageFileName": "32044.jpg",
      "collected": null,
      "available": null,
      "disableFromView": null,
      "preferredSupplier": null,
      "disableFromListory": null,
      "url": "cadbury-breakaway-hazelnut-chocolate-biscuit-180-g",
      "supplierProducts": [
        {
          "supplierProductId": 3089,
          "supplierCode": "COLES",
          "supplierName": "Coles",
          "price": 4.4,
          "discount": 0,
          "percentDiscount": 0,
          "perGroupQuantity": null,
          "perGroupPrice": null,
          "weightDefinition": "g",
          "cupPrice": 24.44,
          "cupDefinition": "per kg",
          "cupWeight": 180,
          "cupString": "per kg",
          "available": true
        }
      ]
    },
    {
      "id": 3294,
      "category": "Snacks & Sweets",
      "category1": null,
      "category2": "Biscuits & Cookies",
      "category3": "Chocolate Biscuits",
      "category4": null,
      "category1Url": null,
      "category2Url": null,
      "category3Url": null,
      "category4Url": null,
      "name": "Mini Milk Chocolate Rice Cakes",
      "brand": "Table of Plenty",
      "brandAndName": "Table of Plenty Mini Milk Chocolate Rice Cakes ",
      "volumeSize": "60g",
      "imageFileName": "30064.jpg",
      "collected": null,
      "available": null,
      "disableFromView": null,
      "preferredSupplier": null,
      "disableFromListory": null,
      "url": "table-of-plenty-mini-milk-chocolate-rice-cakes-60-g",
      "supplierProducts": [
        {
          "supplierProductId": 3294,
          "supplierCode": "COLES",
          "supplierName": "Coles",
          "price": 3.85,
          "discount": 0,
          "percentDiscount": 0,
          "perGroupQuantity": null,
          "perGroupPrice": null,
          "weightDefinition": "g",
          "cupPrice": 64.17,
          "cupDefinition": "per kg",
          "cupWeight": 60,
          "cupString": "per kg",
          "available": true
        },
        {
          "supplierProductId": 30064,
          "supplierCode": "WOOLIES",
          "supplierName": "Woolworths",
          "price": 3.17,
          "discount": 0,
          "percentDiscount": 0,
          "perGroupQuantity": null,
          "perGroupPrice": null,
          "weightDefinition": "g",
          "cupPrice": 52.83,
          "cupDefinition": "per kg",
          "cupWeight": 60,
          "cupString": "per kg",
          "available": true
        }
      ]
    },
    {
      "id": 4203,
      "category": "Snacks & Sweets",
      "category1": null,
      "category2": "Biscuits & Cookies",
      "category3": "Chocolate Biscuits",
      "category4": null,
      "category1Url": null,
      "category2Url": null,
      "category3Url": null,
      "category4Url": null,
      "name": "Chocolate Halva",
      "brand": "Gesas",
      "brandAndName": "Gesas Chocolate Halva ",
      "volumeSize": "350g",
      "imageFileName": "4203.jpg",
      "collected": null,
      "available": null,
      "disableFromView": null,
      "preferredSupplier": null,
      "disableFromListory": null,
      "url": "gesas-chocolate-halva-350-g",
      "supplierProducts": [
        {
          "supplierProductId": 4203,
          "supplierCode": "COLES",
          "supplierName": "Coles",
          "price": 4.6,
          "discount": 0,
          "percentDiscount": 0,
          "perGroupQuantity": 0,
          "perGroupPrice": 0,
          "weightDefinition": "g",
          "cupPrice": 13.14,
          "cupDefinition": "per kg",
          "cupWeight": 350,
          "cupString": "per kg",
          "available": true
        }
      ]
    },
    {
      "id": 10688,
      "category": "Snacks & Sweets",
      "category1": null,
      "category2": "Biscuits & Cookies",
      "category3": "Chocolate Biscuits",
      "category4": null,
      "category1Url": null,
      "category2Url": null,
      "category3Url": null,
      "category4Url": null,
      "name": "Yan Yan Chocolate Dip Stick Biscuits",
      "brand": "Meiji",
      "brandAndName": "Meiji Yan Yan Chocolate Dip Stick Biscuits ",
      "volumeSize": "50g",
      "imageFileName": "10688.jpg",
      "collected": null,
      "available": null,
      "disableFromView": null,
      "preferredSupplier": null,
      "disableFromListory": null,
      "url": "meiji-yan-yan-chocolate-dip-stick-biscuits-50-g",
      "supplierProducts": [
        {
          "supplierProductId": 10688,
          "supplierCode": "COLES",
          "supplierName": "Coles",
          "price": 2.08,
          "discount": 0,
          "percentDiscount": 0,
          "perGroupQuantity": 0,
          "perGroupPrice": 0,
          "weightDefinition": "g",
          "cupPrice": 41.6,
          "cupDefinition": "per kg",
          "cupWeight": 50,
          "cupString": "per kg",
          "available": true
        },
        {
          "supplierProductId": 29378,
          "supplierCode": "WOOLIES",
          "supplierName": "Woolworths",
          "price": 1.89,
          "discount": 0,
          "percentDiscount": 0,
          "perGroupQuantity": null,
          "perGroupPrice": null,
          "weightDefinition": "g",
          "cupPrice": 37.8,
          "cupDefinition": "per kg",
          "cupWeight": 50,
          "cupString": "per kg",
          "available": true
        }
      ]
    },
    {
      "id": 10722,
      "category": "Snacks & Sweets",
      "category1": null,
      "category2": "Biscuits & Cookies",
      "category3": "Chocolate Biscuits",
      "category4": null,
      "category1Url": null,
      "category2Url": null,
      "category3Url": null,
      "category4Url": null,
      "name": "Hello Panda Chocolate Biscuits",
      "brand": "Meiji",
      "brandAndName": "Meiji Hello Panda Chocolate Biscuits ",
      "volumeSize": "50g",
      "imageFileName": "29376.jpg",
      "collected": null,
      "available": null,
      "disableFromView": null,
      "preferredSupplier": null,
      "disableFromListory": null,
      "url": "meiji-hello-panda-chocolate-biscuits-50-g",
      "supplierProducts": [
        {
          "supplierProductId": 10722,
          "supplierCode": "COLES",
          "supplierName": "Coles",
          "price": 2.08,
          "discount": 0,
          "percentDiscount": 0,
          "perGroupQuantity": 0,
          "perGroupPrice": 0,
          "weightDefinition": "g",
          "cupPrice": 41.6,
          "cupDefinition": "per kg",
          "cupWeight": 50,
          "cupString": "per kg",
          "available": true
        },
        {
          "supplierProductId": 29376,
          "supplierCode": "WOOLIES",
          "supplierName": "Woolworths",
          "price": 1.89,
          "discount": 0,
          "percentDiscount": 0,
          "perGroupQuantity": null,
          "perGroupPrice": null,
          "weightDefinition": "g",
          "cupPrice": 37.8,
          "cupDefinition": "per kg",
          "cupWeight": 50,
          "cupString": "per kg",
          "available": true
        }
      ]
    },
    {
      "id": 29661,
      "category": "Snacks & Sweets",
      "category1": null,
      "category2": "Biscuits & Cookies",
      "category3": "Chocolate Biscuits",
      "category4": null,
      "category1Url": null,
      "category2Url": null,
      "category3Url": null,
      "category4Url": null,
      "name": "Free From Gluten Chocolate Chip Biscuit",
      "brand": "Woolworths",
      "brandAndName": "Woolworths Free From Gluten Chocolate Chip Biscuit ",
      "volumeSize": "160g",
      "imageFileName": "29661.jpg",
      "collected": null,
      "available": null,
      "disableFromView": null,
      "preferredSupplier": null,
      "disableFromListory": null,
      "url": "woolworths-free-from-gluten-chocolate-chip-biscuit-160-g",
      "supplierProducts": [
        {
          "supplierProductId": 29661,
          "supplierCode": "WOOLIES",
          "supplierName": "Woolworths",
          "price": 3.99,
          "discount": 0,
          "percentDiscount": 0,
          "perGroupQuantity": null,
          "perGroupPrice": null,
          "weightDefinition": "g",
          "cupPrice": 24.94,
          "cupDefinition": "per kg",
          "cupWeight": 160,
          "cupString": "per kg",
          "available": true
        }
      ]
    },
    {
      "id": 29662,
      "category": "Snacks & Sweets",
      "category1": null,
      "category2": "Biscuits & Cookies",
      "category3": "Chocolate Biscuits",
      "category4": null,
      "category1Url": null,
      "category2Url": null,
      "category3Url": null,
      "category4Url": null,
      "name": "Free From Gluten Chocolate Double Choc Biscuit",
      "brand": "Woolworths",
      "brandAndName": "Woolworths Free From Gluten Chocolate Double Choc Biscuit ",
      "volumeSize": "160g",
      "imageFileName": "29662.jpg",
      "collected": null,
      "available": null,
      "disableFromView": null,
      "preferredSupplier": null,
      "disableFromListory": null,
      "url": "woolworths-free-from-gluten-chocolate-double-choc-biscuit-160-g",
      "supplierProducts": [
        {
          "supplierProductId": 29662,
          "supplierCode": "WOOLIES",
          "supplierName": "Woolworths",
          "price": 3.5,
          "discount": 0,
          "percentDiscount": 0,
          "perGroupQuantity": null,
          "perGroupPrice": null,
          "weightDefinition": "g",
          "cupPrice": 21.88,
          "cupDefinition": "per kg",
          "cupWeight": 160,
          "cupString": "per kg",
          "available": true
        }
      ]
    },
    {
      "id": 29971,
      "category": "Snacks & Sweets",
      "category1": null,
      "category2": "Biscuits & Cookies",
      "category3": "Chocolate Biscuits",
      "category4": null,
      "category1Url": null,
      "category2Url": null,
      "category3Url": null,
      "category4Url": null,
      "name": "Sugar Free Digestives Chocolate",
      "brand": "Gullon",
      "brandAndName": "Gullon Sugar Free Digestives Chocolate ",
      "volumeSize": "400g",
      "imageFileName": "29971.jpg",
      "collected": null,
      "available": null,
      "disableFromView": null,
      "preferredSupplier": null,
      "disableFromListory": null,
      "url": "gullon-sugar-free-digestives-chocolate-400-g",
      "supplierProducts": [
        {
          "supplierProductId": 29971,
          "supplierCode": "WOOLIES",
          "supplierName": "Woolworths",
          "price": 4.99,
          "discount": 0,
          "percentDiscount": 0,
          "perGroupQuantity": null,
          "perGroupPrice": null,
          "weightDefinition": "g",
          "cupPrice": 12.48,
          "cupDefinition": "per kg",
          "cupWeight": 400,
          "cupString": "per kg",
          "available": true
        }
      ]
    },
    {
      "id": 31961,
      "category": "Snacks & Sweets",
      "category1": null,
      "category2": "Biscuits & Cookies",
      "category3": "Chocolate Biscuits",
      "category4": null,
      "category1Url": null,
      "category2Url": null,
      "category3Url": null,
      "category4Url": null,
      "name": "Chocolate Creams",
      "brand": "Arnott's",
      "brandAndName": "Arnott's Chocolate Creams ",
      "volumeSize": "250g",
      "imageFileName": "31961.jpg",
      "collected": null,
      "available": null,
      "disableFromView": null,
      "preferredSupplier": null,
      "disableFromListory": null,
      "url": "arnotts-chocolate-creams-250-g",
      "supplierProducts": [
        {
          "supplierProductId": 31961,
          "supplierCode": "WOOLIES",
          "supplierName": "Woolworths",
          "price": 2,
          "discount": 0,
          "percentDiscount": 0,
          "perGroupQuantity": 0,
          "perGroupPrice": 0,
          "weightDefinition": "g",
          "cupPrice": 8,
          "cupDefinition": "per kg",
          "cupWeight": 250,
          "cupString": "per kg",
          "available": true
        }
      ]
    },
    {
      "id": 32122,
      "category": "Snacks & Sweets",
      "category1": null,
      "category2": "Biscuits & Cookies",
      "category3": "Chocolate Biscuits",
      "category4": null,
      "category1Url": null,
      "category2Url": null,
      "category3Url": null,
      "category4Url": null,
      "name": "Free From Gluten Creams Chocolate Biscuits",
      "brand": "Woolworths",
      "brandAndName": "Woolworths Free From Gluten Creams Chocolate Biscuits ",
      "volumeSize": "120g",
      "imageFileName": "32122.jpg",
      "collected": null,
      "available": null,
      "disableFromView": null,
      "preferredSupplier": null,
      "disableFromListory": null,
      "url": "woolworths-free-from-gluten-creams-chocolate-biscuits-120-g",
      "supplierProducts": [
        {
          "supplierProductId": 32122,
          "supplierCode": "WOOLIES",
          "supplierName": "Woolworths",
          "price": 3.49,
          "discount": 0,
          "percentDiscount": 0,
          "perGroupQuantity": null,
          "perGroupPrice": null,
          "weightDefinition": "g",
          "cupPrice": 29.08,
          "cupDefinition": "per kg",
          "cupWeight": 120,
          "cupString": "per kg",
          "available": true
        }
      ]
    },
    {
      "id": 32138,
      "category": "Snacks & Sweets",
      "category1": null,
      "category2": "Biscuits & Cookies",
      "category3": "Chocolate Biscuits",
      "category4": null,
      "category1Url": null,
      "category2Url": null,
      "category3Url": null,
      "category4Url": null,
      "name": "Milk Chocolate Digestive Biscuit",
      "brand": "Woolworths Select",
      "brandAndName": "Woolworths Select Milk Chocolate Digestive Biscuit ",
      "volumeSize": "200g",
      "imageFileName": "32138.jpg",
      "collected": null,
      "available": null,
      "disableFromView": null,
      "preferredSupplier": null,
      "disableFromListory": null,
      "url": "woolworths-select-milk-chocolate-digestive-biscuit-200-g",
      "supplierProducts": [
        {
          "supplierProductId": 32138,
          "supplierCode": "WOOLIES",
          "supplierName": "Woolworths",
          "price": 1.65,
          "discount": 0,
          "percentDiscount": 0,
          "perGroupQuantity": null,
          "perGroupPrice": null,
          "weightDefinition": "g",
          "cupPrice": 8.25,
          "cupDefinition": "per kg",
          "cupWeight": 200,
          "cupString": "per kg",
          "available": true
        }
      ]
    },
    {
      "id": 56249,
      "category": "Snacks & Sweets",
      "category1": null,
      "category2": "Biscuits & Cookies",
      "category3": "Chocolate Biscuits",
      "category4": null,
      "category1Url": null,
      "category2Url": null,
      "category3Url": null,
      "category4Url": null,
      "name": "Wagon Wheels Mini",
      "brand": "Arnott's",
      "brandAndName": "Arnott's Wagon Wheels Mini ",
      "volumeSize": "190g",
      "imageFileName": "32026.jpg",
      "collected": null,
      "available": null,
      "disableFromView": null,
      "preferredSupplier": null,
      "disableFromListory": null,
      "url": "arnotts-wagon-wheels-mini-190-g",
      "supplierProducts": [
        {
          "supplierProductId": 32026,
          "supplierCode": "WOOLIES",
          "supplierName": "Woolworths",
          "price": 3.65,
          "discount": 0,
          "percentDiscount": 0,
          "perGroupQuantity": null,
          "perGroupPrice": null,
          "weightDefinition": "g",
          "cupPrice": 19.21,
          "cupDefinition": "per kg",
          "cupWeight": 190,
          "cupString": "per kg",
          "available": true
        }
      ]
    },
    {
      "id": 76774,
      "category": "Snacks & Sweets",
      "category1": null,
      "category2": "Biscuits & Cookies",
      "category3": "Chocolate Biscuits",
      "category4": null,
      "category1Url": null,
      "category2Url": null,
      "category3Url": null,
      "category4Url": null,
      "name": "No Added Sugar Choc Twin Biscuits",
      "brand": "Gullon",
      "brandAndName": "Gullon No Added Sugar Choc Twin Biscuits ",
      "volumeSize": "147g",
      "imageFileName": null,
      "collected": null,
      "available": null,
      "disableFromView": null,
      "preferredSupplier": null,
      "disableFromListory": null,
      "url": "gullon-no-added-sugar-choc-twin-biscuits-147-g",
      "supplierProducts": [
        {
          "supplierProductId": 75756,
          "supplierCode": "WOOLIES",
          "supplierName": "Woolworths",
          "price": 2.69,
          "discount": 0,
          "percentDiscount": 0,
          "perGroupQuantity": null,
          "perGroupPrice": null,
          "weightDefinition": "g",
          "cupPrice": 18.3,
          "cupDefinition": "per kg",
          "cupWeight": 147,
          "cupString": "per kg",
          "available": true
        }
      ]
    },
    {
      "id": 87957,
      "category": "Snacks & Sweets",
      "category1": null,
      "category2": "Biscuits & Cookies",
      "category3": "Chocolate Biscuits",
      "category4": null,
      "category1Url": null,
      "category2Url": null,
      "category3Url": null,
      "category4Url": null,
      "name": "Tim Tams Biscuits Coconut Lychee",
      "brand": "Arnott's",
      "brandAndName": "Arnott's Tim Tams Biscuits Coconut Lychee ",
      "volumeSize": "160g",
      "imageFileName": null,
      "collected": null,
      "available": null,
      "disableFromView": null,
      "preferredSupplier": null,
      "disableFromListory": null,
      "url": "arnotts-tim-tams-biscuits-coconut-lychee-160-g",
      "supplierProducts": [
        {
          "supplierProductId": 87460,
          "supplierCode": "WOOLIES",
          "supplierName": "Woolworths",
          "price": 3.65,
          "discount": 0,
          "percentDiscount": 0,
          "perGroupQuantity": null,
          "perGroupPrice": null,
          "weightDefinition": "g",
          "cupPrice": 22.81,
          "cupDefinition": "per kg",
          "cupWeight": 160,
          "cupString": "per kg",
          "available": true
        }
      ]
    },
    {
      "id": 87958,
      "category": "Snacks & Sweets",
      "category1": null,
      "category2": "Biscuits & Cookies",
      "category3": "Chocolate Biscuits",
      "category4": null,
      "category1Url": null,
      "category2Url": null,
      "category3Url": null,
      "category4Url": null,
      "name": "Tim Tams Biscuits Black Forest",
      "brand": "Arnott's",
      "brandAndName": "Arnott's Tim Tams Biscuits Black Forest ",
      "volumeSize": "175g",
      "imageFileName": null,
      "collected": null,
      "available": null,
      "disableFromView": null,
      "preferredSupplier": null,
      "disableFromListory": null,
      "url": "arnotts-tim-tams-biscuits-black-forest-175-g",
      "supplierProducts": [
        {
          "supplierProductId": 87459,
          "supplierCode": "WOOLIES",
          "supplierName": "Woolworths",
          "price": 3.65,
          "discount": 0,
          "percentDiscount": 0,
          "perGroupQuantity": null,
          "perGroupPrice": null,
          "weightDefinition": "g",
          "cupPrice": 20.86,
          "cupDefinition": "per kg",
          "cupWeight": 175,
          "cupString": "per kg",
          "available": true
        },
        {
          "supplierProductId": 86907,
          "supplierCode": "COLES",
          "supplierName": "Coles",
          "price": 4.02,
          "discount": 0,
          "percentDiscount": 0,
          "perGroupQuantity": null,
          "perGroupPrice": null,
          "weightDefinition": "g",
          "cupPrice": 22.97,
          "cupDefinition": "per kg",
          "cupWeight": 175,
          "cupString": "per kg",
          "available": true
        }
      ]
    },
    {
      "id": 87959,
      "category": "Snacks & Sweets",
      "category1": null,
      "category2": "Biscuits & Cookies",
      "category3": "Chocolate Biscuits",
      "category4": null,
      "category1Url": null,
      "category2Url": null,
      "category3Url": null,
      "category4Url": null,
      "name": "Tim Tams Biscuits Choc Mint",
      "brand": "Arnott's",
      "brandAndName": "Arnott's Tim Tams Biscuits Choc Mint ",
      "volumeSize": "160g",
      "imageFileName": null,
      "collected": null,
      "available": null,
      "disableFromView": null,
      "preferredSupplier": null,
      "disableFromListory": null,
      "url": "arnotts-tim-tams-biscuits-choc-mint-160-g",
      "supplierProducts": [
        {
          "supplierProductId": 86908,
          "supplierCode": "COLES",
          "supplierName": "Coles",
          "price": 4.02,
          "discount": 0,
          "percentDiscount": 0,
          "perGroupQuantity": null,
          "perGroupPrice": null,
          "weightDefinition": "g",
          "cupPrice": 25.12,
          "cupDefinition": "per kg",
          "cupWeight": 160,
          "cupString": "per kg",
          "available": true
        },
        {
          "supplierProductId": 87495,
          "supplierCode": "WOOLIES",
          "supplierName": "Woolworths",
          "price": 3.65,
          "discount": 0,
          "percentDiscount": 0,
          "perGroupQuantity": null,
          "perGroupPrice": null,
          "weightDefinition": "g",
          "cupPrice": 22.81,
          "cupDefinition": "per kg",
          "cupWeight": 160,
          "cupString": "per kg",
          "available": true
        }
      ]
    },
    {
      "id": 87965,
      "category": "Snacks & Sweets",
      "category1": null,
      "category2": "Biscuits & Cookies",
      "category3": "Chocolate Biscuits",
      "category4": null,
      "category1Url": null,
      "category2Url": null,
      "category3Url": null,
      "category4Url": null,
      "name": "Tim Tams Biscuit Salted Caramel Vanilla",
      "brand": "Arnott's",
      "brandAndName": "Arnott's Tim Tams Biscuit Salted Caramel Vanilla ",
      "volumeSize": "160g",
      "imageFileName": null,
      "collected": null,
      "available": null,
      "disableFromView": null,
      "preferredSupplier": null,
      "disableFromListory": null,
      "url": "arnotts-tim-tams-biscuit-salted-caramel-vanilla-160-g",
      "supplierProducts": [
        {
          "supplierProductId": 86914,
          "supplierCode": "COLES",
          "supplierName": "Coles",
          "price": 4.02,
          "discount": 0,
          "percentDiscount": 0,
          "perGroupQuantity": null,
          "perGroupPrice": null,
          "weightDefinition": "g",
          "cupPrice": 25.12,
          "cupDefinition": "per kg",
          "cupWeight": 160,
          "cupString": "per kg",
          "available": true
        },
        {
          "supplierProductId": 87458,
          "supplierCode": "WOOLIES",
          "supplierName": "Woolworths",
          "price": 3.65,
          "discount": 0,
          "percentDiscount": 0,
          "perGroupQuantity": null,
          "perGroupPrice": null,
          "weightDefinition": "g",
          "cupPrice": 22.81,
          "cupDefinition": "per kg",
          "cupWeight": 160,
          "cupString": "per kg",
          "available": true
        }
      ]
    },
    {
      "id": 88000,
      "category": "Snacks & Sweets",
      "category1": null,
      "category2": "Biscuits & Cookies",
      "category3": "Chocolate Biscuits",
      "category4": null,
      "category1Url": null,
      "category2Url": null,
      "category3Url": null,
      "category4Url": null,
      "name": "Tim Tams Biscuit Bites",
      "brand": "Arnott's",
      "brandAndName": "Arnott's Tim Tams Biscuit Bites ",
      "volumeSize": "170g",
      "imageFileName": null,
      "collected": null,
      "available": null,
      "disableFromView": null,
      "preferredSupplier": null,
      "disableFromListory": null,
      "url": "arnotts-tim-tams-biscuit-bites-170-g",
      "supplierProducts": [
        {
          "supplierProductId": 87464,
          "supplierCode": "WOOLIES",
          "supplierName": "Woolworths",
          "price": 4.4,
          "discount": 0,
          "percentDiscount": 0,
          "perGroupQuantity": null,
          "perGroupPrice": null,
          "weightDefinition": "g",
          "cupPrice": 25.88,
          "cupDefinition": "per kg",
          "cupWeight": 170,
          "cupString": "per kg",
          "available": true
        }
      ]
    },
    {
      "id": 88531,
      "category": "Snacks & Sweets",
      "category1": null,
      "category2": "Biscuits & Cookies",
      "category3": "Chocolate Biscuits",
      "category4": null,
      "category1Url": null,
      "category2Url": null,
      "category3Url": null,
      "category4Url": null,
      "name": "Tim Tams Dark Value Pack",
      "brand": "Arnott's",
      "brandAndName": "Arnott's Tim Tams Dark Value Pack ",
      "volumeSize": "330g",
      "imageFileName": null,
      "collected": null,
      "available": null,
      "disableFromView": null,
      "preferredSupplier": null,
      "disableFromListory": null,
      "url": "arnotts-tim-tams-dark-value-pack-330-g",
      "supplierProducts": [
        {
          "supplierProductId": 87461,
          "supplierCode": "WOOLIES",
          "supplierName": "Woolworths",
          "price": 3.6,
          "discount": 0,
          "percentDiscount": 0,
          "perGroupQuantity": null,
          "perGroupPrice": null,
          "weightDefinition": "g",
          "cupPrice": 10.91,
          "cupDefinition": "per kg",
          "cupWeight": 330,
          "cupString": "per kg",
          "available": true
        }
      ]
    },
    {
      "id": 88533,
      "category": "Snacks & Sweets",
      "category1": null,
      "category2": "Biscuits & Cookies",
      "category3": "Chocolate Biscuits",
      "category4": null,
      "category1Url": null,
      "category2Url": null,
      "category3Url": null,
      "category4Url": null,
      "name": "Bites Caramel Crown",
      "brand": "Arnott's",
      "brandAndName": "Arnott's Bites Caramel Crown ",
      "volumeSize": "170g",
      "imageFileName": null,
      "collected": null,
      "available": null,
      "disableFromView": null,
      "preferredSupplier": null,
      "disableFromListory": null,
      "url": "arnotts-bites-caramel-crown-170-g",
      "supplierProducts": [
        {
          "supplierProductId": 87463,
          "supplierCode": "WOOLIES",
          "supplierName": "Woolworths",
          "price": 4.4,
          "discount": 0,
          "percentDiscount": 0,
          "perGroupQuantity": null,
          "perGroupPrice": null,
          "weightDefinition": "g",
          "cupPrice": 25.88,
          "cupDefinition": "per kg",
          "cupWeight": 170,
          "cupString": "per kg",
          "available": true
        }
      ]
    },
    {
      "id": 88627,
      "category": "Snacks & Sweets",
      "category1": null,
      "category2": "Biscuits & Cookies",
      "category3": "Chocolate Biscuits",
      "category4": null,
      "category1Url": null,
      "category2Url": null,
      "category3Url": null,
      "category4Url": null,
      "name": "Free From Gluten White Chocolate & Coconut Biscuit",
      "brand": "Woolworths",
      "brandAndName": "Woolworths Free From Gluten White Chocolate & Coconut Biscuit ",
      "volumeSize": "160g",
      "imageFileName": null,
      "collected": null,
      "available": null,
      "disableFromView": null,
      "preferredSupplier": null,
      "disableFromListory": null,
      "url": "woolworths-free-from-gluten-white-chocolate-and-coconut-biscuit-160-g",
      "supplierProducts": [
        {
          "supplierProductId": 87557,
          "supplierCode": "WOOLIES",
          "supplierName": "Woolworths",
          "price": 3,
          "discount": 0,
          "percentDiscount": 0,
          "perGroupQuantity": null,
          "perGroupPrice": null,
          "weightDefinition": "g",
          "cupPrice": 18.75,
          "cupDefinition": "per kg",
          "cupWeight": 160,
          "cupString": "per kg",
          "available": true
        }
      ]
    },
    {
      "id": 89444,
      "category": "Snacks & Sweets",
      "category1": null,
      "category2": "Biscuits & Cookies",
      "category3": "Chocolate Biscuits",
      "category4": null,
      "category1Url": null,
      "category2Url": null,
      "category3Url": null,
      "category4Url": null,
      "name": "Choccy Slams",
      "brand": "Woolworths",
      "brandAndName": "Woolworths Choccy Slams ",
      "volumeSize": "200g",
      "imageFileName": null,
      "collected": null,
      "available": null,
      "disableFromView": null,
      "preferredSupplier": null,
      "disableFromListory": null,
      "url": "woolworths-choccy-slams-200-g",
      "supplierProducts": [
        {
          "supplierProductId": 88372,
          "supplierCode": "WOOLIES",
          "supplierName": "Woolworths",
          "price": 1.65,
          "discount": 0,
          "percentDiscount": 0,
          "perGroupQuantity": null,
          "perGroupPrice": null,
          "weightDefinition": "g",
          "cupPrice": 8.25,
          "cupDefinition": "per kg",
          "cupWeight": 200,
          "cupString": "per kg",
          "available": true
        }
      ]
    },
    {
      "id": 91674,
      "category": "Snacks & Sweets",
      "category1": null,
      "category2": "Biscuits & Cookies",
      "category3": "Chocolate Biscuits",
      "category4": null,
      "category1Url": null,
      "category2Url": null,
      "category3Url": null,
      "category4Url": null,
      "name": "Biscoff Biscuit",
      "brand": "Lotus",
      "brandAndName": "Lotus Biscoff Biscuit ",
      "volumeSize": "15.5g x 8 pack",
      "imageFileName": null,
      "collected": null,
      "available": null,
      "disableFromView": null,
      "preferredSupplier": null,
      "disableFromListory": null,
      "url": "lotus-biscoff-biscuit-8-pack-15-g",
      "supplierProducts": [
        {
          "supplierProductId": 89970,
          "supplierCode": "WOOLIES",
          "supplierName": "Woolworths",
          "price": 1.8,
          "discount": 0,
          "percentDiscount": 0,
          "perGroupQuantity": null,
          "perGroupPrice": null,
          "weightDefinition": "g",
          "cupPrice": 14.52,
          "cupDefinition": "per kg",
          "cupWeight": 15.5,
          "cupString": "per kg",
          "available": true
        }
      ]
    }
  ],
  "isLastPage": true,
  "ageRestriction": null,
  "postcode": 411,
  "hasDOB": false,
  "underAge": false,
  "filters": [
    {
      "code": "BRAND",
      "metaDatas": [
        {
          "name": "Arnott's",
          "url": null,
          "count": 14,
          "id": null,
          "parentId": null,
          "level": null
        },
        {
          "name": "Cadbury",
          "url": null,
          "count": 2,
          "id": null,
          "parentId": null,
          "level": null
        },
        {
          "name": "Coles",
          "url": null,
          "count": 4,
          "id": null,
          "parentId": null,
          "level": null
        },
        {
          "name": "Coles Smart Buy",
          "url": null,
          "count": 1,
          "id": null,
          "parentId": null,
          "level": null
        },
        {
          "name": "Gesas",
          "url": null,
          "count": 1,
          "id": null,
          "parentId": null,
          "level": null
        },
        {
          "name": "Green's",
          "url": null,
          "count": 1,
          "id": null,
          "parentId": null,
          "level": null
        },
        {
          "name": "Gullon",
          "url": null,
          "count": 2,
          "id": null,
          "parentId": null,
          "level": null
        },
        {
          "name": "Lotus",
          "url": null,
          "count": 1,
          "id": null,
          "parentId": null,
          "level": null
        },
        {
          "name": "Meiji",
          "url": null,
          "count": 2,
          "id": null,
          "parentId": null,
          "level": null
        },
        {
          "name": "Oreo",
          "url": null,
          "count": 1,
          "id": null,
          "parentId": null,
          "level": null
        },
        {
          "name": "Table of Plenty",
          "url": null,
          "count": 1,
          "id": null,
          "parentId": null,
          "level": null
        },
        {
          "name": "Woolworths",
          "url": null,
          "count": 5,
          "id": null,
          "parentId": null,
          "level": null
        },
        {
          "name": "Woolworths Select",
          "url": null,
          "count": 1,
          "id": null,
          "parentId": null,
          "level": null
        }
      ]
    },
    {
      "code": "CATEGORY1",
      "metaDatas": [
        {
          "name": "Snacks & Sweets",
          "url": "snacks-sweets",
          "count": 36,
          "id": 40156,
          "parentId": null,
          "level": 1
        }
      ]
    },
    {
      "code": "CATEGORY2",
      "metaDatas": [
        {
          "name": "Biscuits & Cookies",
          "url": "biscuits-cookies",
          "count": 36,
          "id": 40157,
          "parentId": 40156,
          "level": 2
        }
      ]
    },
    {
      "code": "CATEGORY3",
      "metaDatas": [
        {
          "name": "Chocolate Biscuits",
          "url": "chocolate-biscuits",
          "count": 36,
          "id": 41142,
          "parentId": 40157,
          "level": 2
        }
      ]
    },
    {
      "code": "VOLUMESIZE",
      "metaDatas": [
        {
          "name": "120g ",
          "url": null,
          "count": 1,
          "id": null,
          "parentId": null,
          "level": 0
        },
        {
          "name": "128g ",
          "url": null,
          "count": 1,
          "id": null,
          "parentId": null,
          "level": 0
        },
        {
          "name": "147g ",
          "url": null,
          "count": 1,
          "id": null,
          "parentId": null,
          "level": 0
        },
        {
          "name": "15g 8 pack",
          "url": null,
          "count": 1,
          "id": null,
          "parentId": null,
          "level": 0
        },
        {
          "name": "160g ",
          "url": null,
          "count": 7,
          "id": null,
          "parentId": null,
          "level": 0
        },
        {
          "name": "170g ",
          "url": null,
          "count": 2,
          "id": null,
          "parentId": null,
          "level": 0
        },
        {
          "name": "175g ",
          "url": null,
          "count": 1,
          "id": null,
          "parentId": null,
          "level": 0
        },
        {
          "name": "180g ",
          "url": null,
          "count": 2,
          "id": null,
          "parentId": null,
          "level": 0
        },
        {
          "name": "190g ",
          "url": null,
          "count": 2,
          "id": null,
          "parentId": null,
          "level": 0
        },
        {
          "name": "200g ",
          "url": null,
          "count": 10,
          "id": null,
          "parentId": null,
          "level": 0
        },
        {
          "name": "250g ",
          "url": null,
          "count": 1,
          "id": null,
          "parentId": null,
          "level": 0
        },
        {
          "name": "330g ",
          "url": null,
          "count": 1,
          "id": null,
          "parentId": null,
          "level": 0
        },
        {
          "name": "350g ",
          "url": null,
          "count": 1,
          "id": null,
          "parentId": null,
          "level": 0
        },
        {
          "name": "400g ",
          "url": null,
          "count": 1,
          "id": null,
          "parentId": null,
          "level": 0
        },
        {
          "name": "500g ",
          "url": null,
          "count": 1,
          "id": null,
          "parentId": null,
          "level": 0
        },
        {
          "name": "50g ",
          "url": null,
          "count": 2,
          "id": null,
          "parentId": null,
          "level": 0
        },
        {
          "name": "60g ",
          "url": null,
          "count": 1,
          "id": null,
          "parentId": null,
          "level": 0
        }
      ]
    }
  ]
}
