{
    "items": [{
        "id": 243,
        "category": "Bread & Bakery",
        "category1": null,
        "category2": "Bread",
        "category3": "White Bread",
        "category4": null,
        "category1Url": null,
        "category2Url": null,
        "category3Url": null,
        "category4Url": null,
        "name": "Sunblest White Bread",
        "brand": "Tip Top",
        "brandAndName": "Tip Top Sunblest White Bread ",
        "volumeSize": "650g",
        "imageFileName": "24523.jpg",
        "collected": null,
        "available": null,
        "disableFromView": null,
        "preferredSupplier": null,
        "disableFromListory": null,
        "url": "tip-top-sunblest-white-bread-650-g",
        "supplierProducts": [{
            "supplierProductId": 243,
            "supplierCode": "COLES",
            "supplierName": "Coles",
            "price": 2.8,
            "discount": 0,
            "percentDiscount": 0,
            "perGroupQuantity": 0,
            "perGroupPrice": 0,
            "weightDefinition": "g",
            "cupPrice": 4.31,
            "cupDefinition": "per kg",
            "cupWeight": 650,
            "cupString": "per kg",
            "available": true
        }, {
            "supplierProductId": 24523,
            "supplierCode": "WOOLIES",
            "supplierName": "Woolworths",
            "price": 2.8,
            "discount": 0,
            "percentDiscount": 0,
            "perGroupQuantity": 0,
            "perGroupPrice": 0,
            "weightDefinition": "g",
            "cupPrice": 4.31,
            "cupDefinition": "per kg",
            "cupWeight": 650,
            "cupString": "per kg",
            "available": true
        }]
    }, {
        "id": 3731,
        "category": "Snacks & Sweets",
        "category1": null,
        "category2": "Chocolate",
        "category3": "Milk Chocolate",
        "category4": null,
        "category1Url": null,
        "category2Url": null,
        "category3Url": null,
        "category4Url": null,
        "name": "Dairy Milk Chocolate Large Block",
        "brand": "Cadbury",
        "brandAndName": "Cadbury Dairy Milk Chocolate Large Block ",
        "volumeSize": "350g",
        "imageFileName": "31424.jpg",
        "collected": null,
        "available": null,
        "disableFromView": null,
        "preferredSupplier": null,
        "disableFromListory": null,
        "url": "cadbury-dairy-milk-chocolate-large-block-350-g",
        "supplierProducts": [{
            "supplierProductId": 3731,
            "supplierCode": "COLES",
            "supplierName": "Coles",
            "price": 5,
            "discount": 0,
            "percentDiscount": 0,
            "perGroupQuantity": null,
            "perGroupPrice": null,
            "weightDefinition": "g",
            "cupPrice": 14.29,
            "cupDefinition": "per kg",
            "cupWeight": 350,
            "cupString": "per kg",
            "available": true
        }, {
            "supplierProductId": 31424,
            "supplierCode": "WOOLIES",
            "supplierName": "Woolworths",
            "price": 5,
            "discount": 0,
            "percentDiscount": 0,
            "perGroupQuantity": null,
            "perGroupPrice": null,
            "weightDefinition": "g",
            "cupPrice": 14.29,
            "cupDefinition": "per kg",
            "cupWeight": 350,
            "cupString": "per kg",
            "available": true
        }]
    }, {
        "id": 1388,
        "category": "Dairy & Eggs",
        "category1": null,
        "category2": "Milk",
        "category3": "Full Cream Milk",
        "category4": null,
        "category1Url": null,
        "category2Url": null,
        "category3Url": null,
        "category4Url": null,
        "name": "Full Cream Milk",
        "brand": "A2",
        "brandAndName": "A2 Full Cream Milk ",
        "volumeSize": "2L",
        "imageFileName": "25563.jpg",
        "collected": null,
        "available": null,
        "disableFromView": null,
        "preferredSupplier": null,
        "disableFromListory": null,
        "url": "a2-full-cream-milk-2000-ml",
        "supplierProducts": [{
            "supplierProductId": 25563,
            "supplierCode": "WOOLIES",
            "supplierName": "Woolworths",
            "price": 4.69,
            "discount": 0,
            "percentDiscount": 0,
            "perGroupQuantity": 0,
            "perGroupPrice": 0,
            "weightDefinition": "ml",
            "cupPrice": 2.34,
            "cupDefinition": "per L",
            "cupWeight": 2000,
            "cupString": "per L",
            "available": true
        }, {
            "supplierProductId": 1388,
            "supplierCode": "COLES",
            "supplierName": "Coles",
            "price": 4.7,
            "discount": 0,
            "percentDiscount": 0,
            "perGroupQuantity": 0,
            "perGroupPrice": 0,
            "weightDefinition": "ml",
            "cupPrice": 2.35,
            "cupDefinition": "per L",
            "cupWeight": 2000,
            "cupString": "per L",
            "available": true
        }]
    }, {
        "id": 2073,
        "category": "Dairy & Eggs",
        "category1": null,
        "category2": "Butter & Margarine",
        "category3": "Butter",
        "category4": null,
        "category1Url": null,
        "category2Url": null,
        "category3Url": null,
        "category4Url": null,
        "name": "Traditional Spreadable Butter Blend",
        "brand": "Western Star",
        "brandAndName": "Western Star Traditional Spreadable Butter Blend ",
        "volumeSize": "500g",
        "imageFileName": "26285.jpg",
        "collected": null,
        "available": null,
        "disableFromView": null,
        "preferredSupplier": null,
        "disableFromListory": null,
        "url": "western-star-traditional-spreadable-butter-blend-500-g",
        "supplierProducts": [{
            "supplierProductId": 2073,
            "supplierCode": "COLES",
            "supplierName": "Coles",
            "price": 5.8,
            "discount": 0,
            "percentDiscount": 0,
            "perGroupQuantity": null,
            "perGroupPrice": null,
            "weightDefinition": "g",
            "cupPrice": 11.6,
            "cupDefinition": "per kg",
            "cupWeight": 500,
            "cupString": "per kg",
            "available": true
        }, {
            "supplierProductId": 26285,
            "supplierCode": "WOOLIES",
            "supplierName": "Woolworths",
            "price": 5.8,
            "discount": 0,
            "percentDiscount": 0,
            "perGroupQuantity": null,
            "perGroupPrice": null,
            "weightDefinition": "g",
            "cupPrice": 11.6,
            "cupDefinition": "per kg",
            "cupWeight": 500,
            "cupString": "per kg",
            "available": true
        }]
    }, {
        "id": 1799,
        "category": "Dairy & Eggs",
        "category1": null,
        "category2": "Cheese",
        "category3": "Cheese Tasty",
        "category4": null,
        "category1Url": null,
        "category2Url": null,
        "category3Url": null,
        "category4Url": null,
        "name": "Tasty Cheese Block",
        "brand": "Bega",
        "brandAndName": "Bega Tasty Cheese Block ",
        "volumeSize": "500g",
        "imageFileName": "26302.jpg",
        "collected": null,
        "available": null,
        "disableFromView": null,
        "preferredSupplier": null,
        "disableFromListory": null,
        "url": "bega-tasty-cheese-block-500-g",
        "supplierProducts": [{
            "supplierProductId": 1799,
            "supplierCode": "COLES",
            "supplierName": "Coles",
            "price": 9.19,
            "discount": 0,
            "percentDiscount": 0,
            "perGroupQuantity": null,
            "perGroupPrice": null,
            "weightDefinition": "g",
            "cupPrice": 18.38,
            "cupDefinition": "per kg",
            "cupWeight": 500,
            "cupString": "per kg",
            "available": true
        }, {
            "supplierProductId": 26302,
            "supplierCode": "WOOLIES",
            "supplierName": "Woolworths",
            "price": 8.6,
            "discount": 0,
            "percentDiscount": 0,
            "perGroupQuantity": null,
            "perGroupPrice": null,
            "weightDefinition": "g",
            "cupPrice": 17.2,
            "cupDefinition": "per kg",
            "cupWeight": 500,
            "cupString": "per kg",
            "available": true
        }]
    }, {
        "id": 8499,
        "category": "Frozen Food",
        "category1": null,
        "category2": "Ice Cream",
        "category3": "Ice Cream Vanilla - Tub",
        "category4": null,
        "category1Url": null,
        "category2Url": null,
        "category3Url": null,
        "category4Url": null,
        "name": "Classic French Vanilla Ice Cream",
        "brand": "Sara Lee",
        "brandAndName": "Sara Lee Classic French Vanilla Ice Cream ",
        "volumeSize": "1L",
        "imageFileName": "35032.jpg",
        "collected": null,
        "available": null,
        "disableFromView": null,
        "preferredSupplier": null,
        "disableFromListory": null,
        "url": "sara-lee-classic-french-vanilla-ice-cream-1000-ml",
        "supplierProducts": [{
            "supplierProductId": 8499,
            "supplierCode": "COLES",
            "supplierName": "Coles",
            "price": 9.9,
            "discount": 0,
            "percentDiscount": 0,
            "perGroupQuantity": null,
            "perGroupPrice": null,
            "weightDefinition": "ml",
            "cupPrice": 9.9,
            "cupDefinition": "per L",
            "cupWeight": 1000,
            "cupString": "per L",
            "available": true
        }, {
            "supplierProductId": 35032,
            "supplierCode": "WOOLIES",
            "supplierName": "Woolworths",
            "price": 9,
            "discount": 0,
            "percentDiscount": 0,
            "perGroupQuantity": null,
            "perGroupPrice": null,
            "weightDefinition": "ml",
            "cupPrice": 9,
            "cupDefinition": "per L",
            "cupWeight": 1000,
            "cupString": "per L",
            "available": true
        }]
    }, {
        "id": 8758,
        "category": "Frozen Food",
        "category1": null,
        "category2": "Frozen Vegetables",
        "category3": "Frozen Peas",
        "category4": null,
        "category1Url": null,
        "category2Url": null,
        "category3Url": null,
        "category4Url": null,
        "name": "Frozen Baby Peas",
        "brand": "Birds Eye",
        "brandAndName": "Birds Eye Frozen Baby Peas ",
        "volumeSize": "1kg",
        "imageFileName": "34316.jpg",
        "collected": null,
        "available": null,
        "disableFromView": null,
        "preferredSupplier": null,
        "disableFromListory": null,
        "url": "birds-eye-frozen-baby-peas-1000-g",
        "supplierProducts": [{
            "supplierProductId": 34316,
            "supplierCode": "WOOLIES",
            "supplierName": "Woolworths",
            "price": 4.69,
            "discount": 0,
            "percentDiscount": 0,
            "perGroupQuantity": null,
            "perGroupPrice": null,
            "weightDefinition": "g",
            "cupPrice": 4.69,
            "cupDefinition": "per kg",
            "cupWeight": 1000,
            "cupString": "per kg",
            "available": true
        }, {
            "supplierProductId": 8758,
            "supplierCode": "COLES",
            "supplierName": "Coles",
            "price": 5.17,
            "discount": 0,
            "percentDiscount": 0,
            "perGroupQuantity": null,
            "perGroupPrice": null,
            "weightDefinition": "g",
            "cupPrice": 5.17,
            "cupDefinition": "per kg",
            "cupWeight": 1000,
            "cupString": "per kg",
            "available": true
        }]
    }, {
        "id": 2974,
        "category": "Snacks & Sweets",
        "category1": null,
        "category2": "Biscuits & Cookies",
        "category3": "Chocolate Biscuits",
        "category4": null,
        "category1Url": null,
        "category2Url": null,
        "category3Url": null,
        "category4Url": null,
        "name": "Caramel Crowns Chocolate Biscuits",
        "brand": "Arnott's",
        "brandAndName": "Arnott's Caramel Crowns Chocolate Biscuits ",
        "volumeSize": "200g",
        "imageFileName": "31960.jpg",
        "collected": null,
        "available": null,
        "disableFromView": null,
        "preferredSupplier": null,
        "disableFromListory": null,
        "url": "arnotts-caramel-crowns-chocolate-biscuits-200-g",
        "supplierProducts": [{
            "supplierProductId": 2974,
            "supplierCode": "COLES",
            "supplierName": "Coles",
            "price": 4.02,
            "discount": 0,
            "percentDiscount": 0,
            "perGroupQuantity": 2,
            "perGroupPrice": 5,
            "weightDefinition": "g",
            "cupPrice": 20.1,
            "cupDefinition": "per kg",
            "cupWeight": 200,
            "cupString": "per kg",
            "available": true
        }, {
            "supplierProductId": 31960,
            "supplierCode": "WOOLIES",
            "supplierName": "Woolworths",
            "price": 3.65,
            "discount": 0,
            "percentDiscount": 0,
            "perGroupQuantity": null,
            "perGroupPrice": null,
            "weightDefinition": "g",
            "cupPrice": 18.25,
            "cupDefinition": "per kg",
            "cupWeight": 200,
            "cupString": "per kg",
            "available": true
        }]
    }, {
        "id": 8062,
        "category": "Frozen Food",
        "category1": null,
        "category2": "Chips & Wedges",
        "category3": "Frozen Chips",
        "category4": null,
        "category1Url": null,
        "category2Url": null,
        "category3Url": null,
        "category4Url": null,
        "name": "Beer Battered Frozen Shoestring Fries",
        "brand": "McCain",
        "brandAndName": "McCain Beer Battered Frozen Shoestring Fries ",
        "volumeSize": "750g",
        "imageFileName": "34750.jpg",
        "collected": null,
        "available": null,
        "disableFromView": null,
        "preferredSupplier": null,
        "disableFromListory": null,
        "url": "mccain-beer-battered-frozen-shoestring-fries-750-g",
        "supplierProducts": [{
            "supplierProductId": 8062,
            "supplierCode": "COLES",
            "supplierName": "Coles",
            "price": 4.5,
            "discount": 0,
            "percentDiscount": 0,
            "perGroupQuantity": null,
            "perGroupPrice": null,
            "weightDefinition": "g",
            "cupPrice": 6,
            "cupDefinition": "per kg",
            "cupWeight": 750,
            "cupString": "per kg",
            "available": true
        }, {
            "supplierProductId": 34750,
            "supplierCode": "WOOLIES",
            "supplierName": "Woolworths",
            "price": 3.99,
            "discount": 0,
            "percentDiscount": 0,
            "perGroupQuantity": null,
            "perGroupPrice": null,
            "weightDefinition": "g",
            "cupPrice": 5.32,
            "cupDefinition": "per kg",
            "cupWeight": 750,
            "cupString": "per kg",
            "available": true
        }]
    }, {
        "id": 8929,
        "category": "Drinks",
        "category1": null,
        "category2": "Soft Drinks",
        "category3": "Cola",
        "category4": null,
        "category1Url": null,
        "category2Url": null,
        "category3Url": null,
        "category4Url": null,
        "name": "Coke",
        "brand": "Coca Cola",
        "brandAndName": "Coca Cola Coke ",
        "volumeSize": "1L",
        "imageFileName": "33805.jpg",
        "collected": null,
        "available": null,
        "disableFromView": null,
        "preferredSupplier": null,
        "disableFromListory": null,
        "url": "coca-cola-coke-1000-ml",
        "supplierProducts": [{
            "supplierProductId": 8929,
            "supplierCode": "COLES",
            "supplierName": "Coles",
            "price": 4.17,
            "discount": 0,
            "percentDiscount": 0,
            "perGroupQuantity": null,
            "perGroupPrice": null,
            "weightDefinition": "ml",
            "cupPrice": 4.17,
            "cupDefinition": "per L",
            "cupWeight": 1000,
            "cupString": "per L",
            "available": true
        }, {
            "supplierProductId": 33805,
            "supplierCode": "WOOLIES",
            "supplierName": "Woolworths",
            "price": 3.89,
            "discount": 0,
            "percentDiscount": 0,
            "perGroupQuantity": 0,
            "perGroupPrice": 0,
            "weightDefinition": "ml",
            "cupPrice": 3.89,
            "cupDefinition": "per L",
            "cupWeight": 1000,
            "cupString": "per L",
            "available": true
        }]
    }, {
        "id": 5629,
        "category": "Pantry",
        "category1": null,
        "category2": "Jams",
        "category3": "Strawberry Jam",
        "category4": null,
        "category1Url": null,
        "category2Url": null,
        "category3Url": null,
        "category4Url": null,
        "name": "Strawberry Jam in Glass",
        "brand": "Cottee's",
        "brandAndName": "Cottee's Strawberry Jam in Glass ",
        "volumeSize": "500g",
        "imageFileName": "30226.jpg",
        "collected": null,
        "available": null,
        "disableFromView": null,
        "preferredSupplier": null,
        "disableFromListory": null,
        "url": "cottees-strawberry-jam-in-glass-500-g",
        "supplierProducts": [{
            "supplierProductId": 5629,
            "supplierCode": "COLES",
            "supplierName": "Coles",
            "price": 3.69,
            "discount": 0,
            "percentDiscount": 0,
            "perGroupQuantity": null,
            "perGroupPrice": null,
            "weightDefinition": "g",
            "cupPrice": 7.38,
            "cupDefinition": "per kg",
            "cupWeight": 500,
            "cupString": "per kg",
            "available": true
        }, {
            "supplierProductId": 30226,
            "supplierCode": "WOOLIES",
            "supplierName": "Woolworths",
            "price": 2.5,
            "discount": 0,
            "percentDiscount": 0,
            "perGroupQuantity": null,
            "perGroupPrice": null,
            "weightDefinition": "g",
            "cupPrice": 5,
            "cupDefinition": "per kg",
            "cupWeight": 500,
            "cupString": "per kg",
            "available": true
        }]
    }, {
        "id": 2567,
        "category": "Packaged & Ready Meals",
        "category1": null,
        "category2": "Breakfast & Cereals",
        "category3": "Cereals",
        "category4": null,
        "category1Url": null,
        "category2Url": null,
        "category3Url": null,
        "category4Url": null,
        "name": "Breakfast Plus Cereal",
        "brand": "Uncle Tobys",
        "brandAndName": "Uncle Tobys Breakfast Plus Cereal ",
        "volumeSize": "410g",
        "imageFileName": "30508.jpg",
        "collected": null,
        "available": null,
        "disableFromView": null,
        "preferredSupplier": null,
        "disableFromListory": null,
        "url": "uncle-tobys-breakfast-plus-cereal-410-g",
        "supplierProducts": [{
            "supplierProductId": 2567,
            "supplierCode": "COLES",
            "supplierName": "Coles",
            "price": 4.95,
            "discount": 0,
            "percentDiscount": 0,
            "perGroupQuantity": null,
            "perGroupPrice": null,
            "weightDefinition": "g",
            "cupPrice": 12.07,
            "cupDefinition": "per kg",
            "cupWeight": 410,
            "cupString": "per kg",
            "available": true
        }, {
            "supplierProductId": 30508,
            "supplierCode": "WOOLIES",
            "supplierName": "Woolworths",
            "price": 4.49,
            "discount": 0,
            "percentDiscount": 0,
            "perGroupQuantity": null,
            "perGroupPrice": null,
            "weightDefinition": "g",
            "cupPrice": 10.95,
            "cupDefinition": "per kg",
            "cupWeight": 410,
            "cupString": "per kg",
            "available": true
        }]
    }, {
        "id": 9367,
        "category": "Drinks",
        "category1": null,
        "category2": "Juice",
        "category3": "Orange Juice",
        "category4": null,
        "category1Url": null,
        "category2Url": null,
        "category3Url": null,
        "category4Url": null,
        "name": "Orange Juice Chill",
        "brand": "The Daily Juice Company",
        "brandAndName": "The Daily Juice Company Orange Juice Chill ",
        "volumeSize": "3L",
        "imageFileName": "33470.jpg",
        "collected": null,
        "available": null,
        "disableFromView": null,
        "preferredSupplier": null,
        "disableFromListory": null,
        "url": "the-daily-juice-company-orange-juice-chill-3000-ml",
        "supplierProducts": [{
            "supplierProductId": 9367,
            "supplierCode": "COLES",
            "supplierName": "Coles",
            "price": 7.35,
            "discount": 0,
            "percentDiscount": 0,
            "perGroupQuantity": null,
            "perGroupPrice": null,
            "weightDefinition": "ml",
            "cupPrice": 2.45,
            "cupDefinition": "per L",
            "cupWeight": 3000,
            "cupString": "per L",
            "available": true
        }, {
            "supplierProductId": 33470,
            "supplierCode": "WOOLIES",
            "supplierName": "Woolworths",
            "price": 7.5,
            "discount": 0,
            "percentDiscount": 0,
            "perGroupQuantity": null,
            "perGroupPrice": null,
            "weightDefinition": "ml",
            "cupPrice": 2.5,
            "cupDefinition": "per L",
            "cupWeight": 3000,
            "cupString": "per L",
            "available": true
        }]
    }, {
        "id": 12566,
        "category": "Household & Cleaning",
        "category1": null,
        "category2": "Bags, Wraps & Foils",
        "category3": "Cling Wraps",
        "category4": null,
        "category1Url": null,
        "category2Url": null,
        "category3Url": null,
        "category4Url": null,
        "name": "Cling Wrap 30m x 33cm",
        "brand": "Glad",
        "brandAndName": "Glad Cling Wrap 30m x 33cm ",
        "volumeSize": "30m",
        "imageFileName": "39930.jpg",
        "collected": null,
        "available": null,
        "disableFromView": null,
        "preferredSupplier": null,
        "disableFromListory": null,
        "url": "glad-cling-wrap-30m-x-33cm-30-m",
        "supplierProducts": [{
            "supplierProductId": 12566,
            "supplierCode": "COLES",
            "supplierName": "Coles",
            "price": 2.7,
            "discount": 0,
            "percentDiscount": 0,
            "perGroupQuantity": null,
            "perGroupPrice": null,
            "weightDefinition": "m",
            "cupPrice": 90,
            "cupDefinition": "per m",
            "cupWeight": 30,
            "cupString": "per m",
            "available": true
        }, {
            "supplierProductId": 39930,
            "supplierCode": "WOOLIES",
            "supplierName": "Woolworths",
            "price": 2.7,
            "discount": 0,
            "percentDiscount": 0,
            "perGroupQuantity": null,
            "perGroupPrice": null,
            "weightDefinition": "m",
            "cupPrice": 90,
            "cupDefinition": "per m",
            "cupWeight": 30,
            "cupString": "per m",
            "available": true
        }]
    }, {
        "id": 7254,
        "category": "Pantry",
        "category1": null,
        "category2": "Canned & Jarred Seafood",
        "category3": "Canned Sardines",
        "category4": null,
        "category1Url": null,
        "category2Url": null,
        "category3Url": null,
        "category4Url": null,
        "name": "Scottish Sardines in Springwater",
        "brand": "John West",
        "brandAndName": "John West Scottish Sardines in Springwater ",
        "volumeSize": "110g",
        "imageFileName": "28000.jpg",
        "collected": null,
        "available": null,
        "disableFromView": null,
        "preferredSupplier": null,
        "disableFromListory": null,
        "url": "john-west-scottish-sardines-in-springwater-110-g",
        "supplierProducts": [{
            "supplierProductId": 7254,
            "supplierCode": "COLES",
            "supplierName": "Coles",
            "price": 2.85,
            "discount": 0,
            "percentDiscount": 0,
            "perGroupQuantity": null,
            "perGroupPrice": null,
            "weightDefinition": "g",
            "cupPrice": 25.91,
            "cupDefinition": "per kg",
            "cupWeight": 110,
            "cupString": "per kg",
            "available": true
        }, {
            "supplierProductId": 28000,
            "supplierCode": "WOOLIES",
            "supplierName": "Woolworths",
            "price": 2.67,
            "discount": 0,
            "percentDiscount": 0,
            "perGroupQuantity": null,
            "perGroupPrice": null,
            "weightDefinition": "g",
            "cupPrice": 24.27,
            "cupDefinition": "per kg",
            "cupWeight": 110,
            "cupString": "per kg",
            "available": true
        }]
    }, {
        "id": 6447,
        "category": "Pantry",
        "category1": null,
        "category2": "Oils",
        "category3": "Olive Oil",
        "category4": null,
        "category1Url": null,
        "category2Url": null,
        "category3Url": null,
        "category4Url": null,
        "name": "Olive Oil Extra Light El Delicado",
        "brand": "Moro",
        "brandAndName": "Moro Olive Oil Extra Light El Delicado ",
        "volumeSize": "4L",
        "imageFileName": "26884.jpg",
        "collected": null,
        "available": null,
        "disableFromView": null,
        "preferredSupplier": null,
        "disableFromListory": null,
        "url": "moro-olive-oil-extra-light-el-delicado-4000-ml",
        "supplierProducts": [{
            "supplierProductId": 6447,
            "supplierCode": "COLES",
            "supplierName": "Coles",
            "price": 25,
            "discount": 0,
            "percentDiscount": 0,
            "perGroupQuantity": null,
            "perGroupPrice": null,
            "weightDefinition": "ml",
            "cupPrice": 6.25,
            "cupDefinition": "per L",
            "cupWeight": 4000,
            "cupString": "per L",
            "available": true
        }, {
            "supplierProductId": 26884,
            "supplierCode": "WOOLIES",
            "supplierName": "Woolworths",
            "price": 29,
            "discount": 0,
            "percentDiscount": 0,
            "perGroupQuantity": null,
            "perGroupPrice": null,
            "weightDefinition": "ml",
            "cupPrice": 7.25,
            "cupDefinition": "per L",
            "cupWeight": 4000,
            "cupString": "per L",
            "available": true
        }]
    }, {
        "id": 520,
        "category": "Fruit & Vegetables",
        "category1": null,
        "category2": "Vegetables",
        "category3": "Tomato",
        "category4": null,
        "category1Url": null,
        "category2Url": null,
        "category3Url": null,
        "category4Url": null,
        "name": "Cherry Tomatoes Prepacked",
        "brand": null,
        "brandAndName": "Cherry Tomatoes Prepacked ",
        "volumeSize": "250g",
        "imageFileName": "44638.jpg",
        "collected": null,
        "available": null,
        "disableFromView": null,
        "preferredSupplier": null,
        "disableFromListory": null,
        "url": "cherry-tomatoes-prepacked-250-g",
        "supplierProducts": [{
            "supplierProductId": 520,
            "supplierCode": "COLES",
            "supplierName": "Coles",
            "price": 3,
            "discount": 0,
            "percentDiscount": 0,
            "perGroupQuantity": null,
            "perGroupPrice": null,
            "weightDefinition": "g",
            "cupPrice": 12,
            "cupDefinition": "per kg",
            "cupWeight": 250,
            "cupString": "per kg",
            "available": true
        }, {
            "supplierProductId": 44638,
            "supplierCode": "WOOLIES",
            "supplierName": "Woolworths",
            "price": 3,
            "discount": 0,
            "percentDiscount": 0,
            "perGroupQuantity": null,
            "perGroupPrice": null,
            "weightDefinition": "g",
            "cupPrice": 12,
            "cupDefinition": "per kg",
            "cupWeight": 250,
            "cupString": "per kg",
            "available": true
        }]
    }, {
        "id": 6571,
        "category": "Pantry",
        "category1": null,
        "category2": "Pasta",
        "category3": "Penne",
        "category4": null,
        "category1Url": null,
        "category2Url": null,
        "category3Url": null,
        "category4Url": null,
        "name": "Gluten Free Penne Pasta",
        "brand": "San Remo",
        "brandAndName": "San Remo Gluten Free Penne Pasta ",
        "volumeSize": "250g",
        "imageFileName": "29044.jpg",
        "collected": null,
        "available": null,
        "disableFromView": null,
        "preferredSupplier": null,
        "disableFromListory": null,
        "url": "san-remo-gluten-free-penne-pasta-250-g",
        "supplierProducts": [{
            "supplierProductId": 6571,
            "supplierCode": "COLES",
            "supplierName": "Coles",
            "price": 4.38,
            "discount": 0,
            "percentDiscount": 0,
            "perGroupQuantity": null,
            "perGroupPrice": null,
            "weightDefinition": "g",
            "cupPrice": 17.52,
            "cupDefinition": "per kg",
            "cupWeight": 250,
            "cupString": "per kg",
            "available": true
        }, {
            "supplierProductId": 29044,
            "supplierCode": "WOOLIES",
            "supplierName": "Woolworths",
            "price": 3.99,
            "discount": 0,
            "percentDiscount": 0,
            "perGroupQuantity": null,
            "perGroupPrice": null,
            "weightDefinition": "g",
            "cupPrice": 15.96,
            "cupDefinition": "per kg",
            "cupWeight": 250,
            "cupString": "per kg",
            "available": true
        }]
    }, {
        "id": 4796,
        "category": "Baking",
        "category1": null,
        "category2": "Flour",
        "category3": "Plain Flour",
        "category4": null,
        "category1Url": null,
        "category2Url": null,
        "category3Url": null,
        "category4Url": null,
        "name": "Plain Flour",
        "brand": "Healthy Baker",
        "brandAndName": "Healthy Baker Plain Flour ",
        "volumeSize": "1kg",
        "imageFileName": "30941.jpg",
        "collected": null,
        "available": null,
        "disableFromView": null,
        "preferredSupplier": null,
        "disableFromListory": null,
        "url": "healthy-baker-plain-flour-1000-g",
        "supplierProducts": [{
            "supplierProductId": 4796,
            "supplierCode": "COLES",
            "supplierName": "Coles",
            "price": 3.3,
            "discount": 0,
            "percentDiscount": 0,
            "perGroupQuantity": null,
            "perGroupPrice": null,
            "weightDefinition": "g",
            "cupPrice": 3.3,
            "cupDefinition": "per kg",
            "cupWeight": 1000,
            "cupString": "per kg",
            "available": true
        }, {
            "supplierProductId": 30941,
            "supplierCode": "WOOLIES",
            "supplierName": "Woolworths",
            "price": 3.99,
            "discount": 0,
            "percentDiscount": 0,
            "perGroupQuantity": null,
            "perGroupPrice": null,
            "weightDefinition": "g",
            "cupPrice": 3.99,
            "cupDefinition": "per kg",
            "cupWeight": 1000,
            "cupString": "per kg",
            "available": true
        }]
    }, {
        "id": 4879,
        "category": "Baking",
        "category1": null,
        "category2": "Sugar",
        "category3": "White Sugar",
        "category4": null,
        "category1Url": null,
        "category2Url": null,
        "category3Url": null,
        "category4Url": null,
        "name": "White Sugar",
        "brand": "CSR",
        "brandAndName": "CSR White Sugar ",
        "volumeSize": "1kg",
        "imageFileName": "30885.jpg",
        "collected": null,
        "available": null,
        "disableFromView": null,
        "preferredSupplier": null,
        "disableFromListory": null,
        "url": "csr-white-sugar-1000-g",
        "supplierProducts": [{
            "supplierProductId": 4879,
            "supplierCode": "COLES",
            "supplierName": "Coles",
            "price": 2.21,
            "discount": 0,
            "percentDiscount": 0,
            "perGroupQuantity": null,
            "perGroupPrice": null,
            "weightDefinition": "g",
            "cupPrice": 2.21,
            "cupDefinition": "per kg",
            "cupWeight": 1000,
            "cupString": "per kg",
            "available": true
        }, {
            "supplierProductId": 30885,
            "supplierCode": "WOOLIES",
            "supplierName": "Woolworths",
            "price": 2,
            "discount": 0,
            "percentDiscount": 0,
            "perGroupQuantity": null,
            "perGroupPrice": null,
            "weightDefinition": "g",
            "cupPrice": 2,
            "cupDefinition": "per kg",
            "cupWeight": 1000,
            "cupString": "per kg",
            "available": true
        }]
    }, {
        "id": 15421,
        "category": "Household & Cleaning",
        "category1": null,
        "category2": "Tissues",
        "category3": "Facial Tissues",
        "category4": null,
        "category1Url": null,
        "category2Url": null,
        "category3Url": null,
        "category4Url": null,
        "name": "3ply Large 'N' Thick Facial Tissues",
        "brand": "Kleenex",
        "brandAndName": "Kleenex 3ply Large 'N' Thick Facial Tissues ",
        "volumeSize": "95 pack",
        "imageFileName": "40031.jpg",
        "collected": null,
        "available": null,
        "disableFromView": null,
        "preferredSupplier": null,
        "disableFromListory": null,
        "url": "kleenex-3ply-large-\"n\"-thick-facial-tissues-95-pack",
        "supplierProducts": [{
            "supplierProductId": 15421,
            "supplierCode": "COLES",
            "supplierName": "Coles",
            "price": 2.86,
            "discount": 0,
            "percentDiscount": 0,
            "perGroupQuantity": null,
            "perGroupPrice": null,
            "weightDefinition": null,
            "cupPrice": 0.03,
            "cupDefinition": "pack",
            "cupWeight": 95,
            "cupString": "pack",
            "available": true
        }, {
            "supplierProductId": 40031,
            "supplierCode": "WOOLIES",
            "supplierName": "Woolworths",
            "price": 2.6,
            "discount": 0,
            "percentDiscount": 0,
            "perGroupQuantity": null,
            "perGroupPrice": null,
            "weightDefinition": null,
            "cupPrice": 0.03,
            "cupDefinition": "pack",
            "cupWeight": 95,
            "cupString": "pack",
            "available": true
        }]
    }, {
        "id": 15617,
        "category": "Health & Beauty",
        "category1": null,
        "category2": "Bath & Shower",
        "category3": "Hand Wash",
        "category4": null,
        "category1Url": null,
        "category2Url": null,
        "category3Url": null,
        "category4Url": null,
        "name": "Rose and Cherry Touch of Foam Hand Wash",
        "brand": "Dettol",
        "brandAndName": "Dettol Rose and Cherry Touch of Foam Hand Wash ",
        "volumeSize": "250ml",
        "imageFileName": "35426.jpg",
        "collected": null,
        "available": null,
        "disableFromView": null,
        "preferredSupplier": null,
        "disableFromListory": null,
        "url": "dettol-rose-and-cherry-touch-of-foam-hand-wash-250-ml",
        "supplierProducts": [{
            "supplierProductId": 35426,
            "supplierCode": "WOOLIES",
            "supplierName": "Woolworths",
            "price": 3,
            "discount": 0,
            "percentDiscount": 0,
            "perGroupQuantity": 0,
            "perGroupPrice": 0,
            "weightDefinition": "ml",
            "cupPrice": 12,
            "cupDefinition": "per L",
            "cupWeight": 250,
            "cupString": "per L",
            "available": true
        }, {
            "supplierProductId": 15617,
            "supplierCode": "COLES",
            "supplierName": "Coles",
            "price": 3.85,
            "discount": 0,
            "percentDiscount": 0,
            "perGroupQuantity": null,
            "perGroupPrice": null,
            "weightDefinition": "ml",
            "cupPrice": 15.4,
            "cupDefinition": "per L",
            "cupWeight": 250,
            "cupString": "per L",
            "available": true
        }]
    }, {
        "id": 12957,
        "category": "Household & Cleaning",
        "category1": null,
        "category2": "Laundry",
        "category3": "Washing Liquid",
        "category4": null,
        "category1Url": null,
        "category2Url": null,
        "category3Url": null,
        "category4Url": null,
        "name": "Sensitive Front & Top Loader Laundry Liquid",
        "brand": "OMO",
        "brandAndName": "OMO Sensitive Front & Top Loader Laundry Liquid ",
        "volumeSize": "2L",
        "imageFileName": "40189.jpg",
        "collected": null,
        "available": null,
        "disableFromView": null,
        "preferredSupplier": null,
        "disableFromListory": null,
        "url": "omo-sensitive-front-and-top-loader-laundry-liquid-2000-ml",
        "supplierProducts": [{
            "supplierProductId": 12957,
            "supplierCode": "COLES",
            "supplierName": "Coles",
            "price": 22,
            "discount": 0,
            "percentDiscount": 0,
            "perGroupQuantity": null,
            "perGroupPrice": null,
            "weightDefinition": "ml",
            "cupPrice": 11,
            "cupDefinition": "per L",
            "cupWeight": 2000,
            "cupString": "per L",
            "available": true
        }, {
            "supplierProductId": 40189,
            "supplierCode": "WOOLIES",
            "supplierName": "Woolworths",
            "price": 19.99,
            "discount": 0,
            "percentDiscount": 0,
            "perGroupQuantity": null,
            "perGroupPrice": null,
            "weightDefinition": "ml",
            "cupPrice": 10,
            "cupDefinition": "per L",
            "cupWeight": 2000,
            "cupString": "per L",
            "available": true
        }]
    }, {
        "id": 12911,
        "category": "Household & Cleaning",
        "category1": null,
        "category2": "Cleaners & Treatments",
        "category3": "Dishwashing Liquids",
        "category4": null,
        "category1Url": null,
        "category2Url": null,
        "category3Url": null,
        "category4Url": null,
        "name": "Super Strength Lemon Dishwashing Liquid",
        "brand": "Morning Fresh",
        "brandAndName": "Morning Fresh Super Strength Lemon Dishwashing Liquid ",
        "volumeSize": "900ml",
        "imageFileName": "40407.jpg",
        "collected": null,
        "available": null,
        "disableFromView": null,
        "preferredSupplier": null,
        "disableFromListory": null,
        "url": "morning-fresh-super-strength-lemon-dishwashing-liquid-900-ml",
        "supplierProducts": [{
            "supplierProductId": 12911,
            "supplierCode": "COLES",
            "supplierName": "Coles",
            "price": 7.65,
            "discount": 0,
            "percentDiscount": 0,
            "perGroupQuantity": null,
            "perGroupPrice": null,
            "weightDefinition": "ml",
            "cupPrice": 8.5,
            "cupDefinition": "per L",
            "cupWeight": 900,
            "cupString": "per L",
            "available": true
        }, {
            "supplierProductId": 40407,
            "supplierCode": "WOOLIES",
            "supplierName": "Woolworths",
            "price": 6.95,
            "discount": 0,
            "percentDiscount": 0,
            "perGroupQuantity": null,
            "perGroupPrice": null,
            "weightDefinition": "ml",
            "cupPrice": 7.72,
            "cupDefinition": "per L",
            "cupWeight": 900,
            "cupString": "per L",
            "available": true
        }]
    }, {
        "id": 1533,
        "category": "Dairy & Eggs",
        "category1": null,
        "category2": "Eggs",
        "category3": "Free Range Eggs",
        "category4": null,
        "category1Url": null,
        "category2Url": null,
        "category3Url": null,
        "category4Url": null,
        "name": "Free Range X Large Eggs 12 pack",
        "brand": "Manning Valley",
        "brandAndName": "Manning Valley Free Range X Large Eggs 12 pack ",
        "volumeSize": "700g",
        "imageFileName": "25539.jpg",
        "collected": null,
        "available": null,
        "disableFromView": null,
        "preferredSupplier": null,
        "disableFromListory": null,
        "url": "manning-valley-free-range-x-large-eggs-12-pack-700-g",
        "supplierProducts": [{
            "supplierProductId": 1533,
            "supplierCode": "COLES",
            "supplierName": "Coles",
            "price": 6.35,
            "discount": 0,
            "percentDiscount": 0,
            "perGroupQuantity": null,
            "perGroupPrice": null,
            "weightDefinition": "g",
            "cupPrice": 9.07,
            "cupDefinition": "per kg",
            "cupWeight": 700,
            "cupString": "per kg",
            "available": true
        }, {
            "supplierProductId": 25539,
            "supplierCode": "WOOLIES",
            "supplierName": "Woolworths",
            "price": 6.5,
            "discount": 0,
            "percentDiscount": 0,
            "perGroupQuantity": null,
            "perGroupPrice": null,
            "weightDefinition": "g",
            "cupPrice": 9.29,
            "cupDefinition": "per kg",
            "cupWeight": 700,
            "cupString": "per kg",
            "available": true
        }]
    }, {
        "id": 17986,
        "category": "Meat & Fish",
        "category1": null,
        "category2": "Chicken",
        "category3": "Chicken Kebabs & Skewers",
        "category4": null,
        "category1Url": null,
        "category2Url": null,
        "category3Url": null,
        "category4Url": null,
        "name": "BBQ Chicken Kebabs",
        "brand": "Perfecto Quality Foods",
        "brandAndName": "Perfecto Quality Foods BBQ Chicken Kebabs ",
        "volumeSize": "80g x 10 pack",
        "imageFileName": "17986.jpg",
        "collected": null,
        "available": null,
        "disableFromView": null,
        "preferredSupplier": null,
        "disableFromListory": null,
        "url": "perfecto-quality-foods-bbq-chicken-kebabs-10-pack-80-g",
        "supplierProducts": [{
            "supplierProductId": 17986,
            "supplierCode": "COLES",
            "supplierName": "Coles",
            "price": 13.6,
            "discount": 0,
            "percentDiscount": 0,
            "perGroupQuantity": null,
            "perGroupPrice": null,
            "weightDefinition": "g",
            "cupPrice": 17,
            "cupDefinition": "per kg",
            "cupWeight": 80,
            "cupString": "per kg",
            "available": true
        }, {
            "supplierProductId": 24982,
            "supplierCode": "WOOLIES",
            "supplierName": "Woolworths",
            "price": 13.5,
            "discount": 0,
            "percentDiscount": 0,
            "perGroupQuantity": 0,
            "perGroupPrice": 0,
            "weightDefinition": "g",
            "cupPrice": 16.88,
            "cupDefinition": "per kg",
            "cupWeight": 80,
            "cupString": "per kg",
            "available": true
        }]
    }, {
        "id": 8272,
        "category": "Frozen Food",
        "category1": null,
        "category2": "Seafood & Fish",
        "category3": "Frozen Fish Fingers",
        "category4": null,
        "category1Url": null,
        "category2Url": null,
        "category3Url": null,
        "category4Url": null,
        "name": "Frozen Fish Fingers",
        "brand": "Birds Eye",
        "brandAndName": "Birds Eye Frozen Fish Fingers ",
        "volumeSize": "25g x 15 pack",
        "imageFileName": "34414.jpg",
        "collected": null,
        "available": null,
        "disableFromView": null,
        "preferredSupplier": null,
        "disableFromListory": null,
        "url": "birds-eye-frozen-fish-fingers-15-pack-25-g",
        "supplierProducts": [{
            "supplierProductId": 8272,
            "supplierCode": "COLES",
            "supplierName": "Coles",
            "price": 6.16,
            "discount": 0,
            "percentDiscount": 0,
            "perGroupQuantity": null,
            "perGroupPrice": null,
            "weightDefinition": "g",
            "cupPrice": 16.43,
            "cupDefinition": "per kg",
            "cupWeight": 25,
            "cupString": "per kg",
            "available": true
        }, {
            "supplierProductId": 34414,
            "supplierCode": "WOOLIES",
            "supplierName": "Woolworths",
            "price": 5.6,
            "discount": 0,
            "percentDiscount": 0,
            "perGroupQuantity": null,
            "perGroupPrice": null,
            "weightDefinition": "g",
            "cupPrice": 14.93,
            "cupDefinition": "per kg",
            "cupWeight": 25,
            "cupString": "per kg",
            "available": true
        }]
    }, {
        "id": 417,
        "category": "Fruit & Vegetables",
        "category1": null,
        "category2": "Fruit",
        "category3": "Apples",
        "category4": null,
        "category1Url": null,
        "category2Url": null,
        "category3Url": null,
        "category4Url": null,
        "name": "Granny Smith Apples",
        "brand": null,
        "brandAndName": "Granny Smith Apples ",
        "volumeSize": "",
        "imageFileName": "24085.jpg",
        "collected": null,
        "available": null,
        "disableFromView": null,
        "preferredSupplier": null,
        "disableFromListory": null,
        "url": "granny-smith-apples-each",
        "supplierProducts": [{
            "supplierProductId": 417,
            "supplierCode": "COLES",
            "supplierName": "Coles",
            "price": 0.54,
            "discount": 0,
            "percentDiscount": 0,
            "perGroupQuantity": null,
            "perGroupPrice": null,
            "weightDefinition": null,
            "cupPrice": 0.54,
            "cupDefinition": "each",
            "cupWeight": null,
            "cupString": "each",
            "available": true
        }]
    }, {
        "id": 437,
        "category": "Fruit & Vegetables",
        "category1": null,
        "category2": "Fruit",
        "category3": "Bananas",
        "category4": null,
        "category1Url": null,
        "category2Url": null,
        "category3Url": null,
        "category4Url": null,
        "name": "Bananas",
        "brand": null,
        "brandAndName": "Bananas ",
        "volumeSize": "",
        "imageFileName": "24105.jpg",
        "collected": null,
        "available": null,
        "disableFromView": null,
        "preferredSupplier": null,
        "disableFromListory": null,
        "url": "bananas-each",
        "supplierProducts": [{
            "supplierProductId": 437,
            "supplierCode": "COLES",
            "supplierName": "Coles",
            "price": 0.79,
            "discount": 0,
            "percentDiscount": 0,
            "perGroupQuantity": null,
            "perGroupPrice": null,
            "weightDefinition": null,
            "cupPrice": 0.79,
            "cupDefinition": "each",
            "cupWeight": null,
            "cupString": "each",
            "available": true
        }, {
            "supplierProductId": 24105,
            "supplierCode": "WOOLIES",
            "supplierName": "Woolworths",
            "price": 0.86,
            "discount": 0,
            "percentDiscount": 0,
            "perGroupQuantity": null,
            "perGroupPrice": null,
            "weightDefinition": null,
            "cupPrice": 0.86,
            "cupDefinition": "each",
            "cupWeight": null,
            "cupString": "each",
            "available": true
        }]
    }, {
        "id": 617,
        "category": "Fruit & Vegetables",
        "category1": null,
        "category2": "Vegetables",
        "category3": "Broccoli",
        "category4": null,
        "category1Url": null,
        "category2Url": null,
        "category3Url": null,
        "category4Url": null,
        "name": "Broccoli",
        "brand": null,
        "brandAndName": "Broccoli ",
        "volumeSize": "",
        "imageFileName": "617.jpg",
        "collected": null,
        "available": null,
        "disableFromView": null,
        "preferredSupplier": null,
        "disableFromListory": null,
        "url": "broccoli-each",
        "supplierProducts": [{
            "supplierProductId": 617,
            "supplierCode": "COLES",
            "supplierName": "Coles",
            "price": 1.87,
            "discount": 0,
            "percentDiscount": 0,
            "perGroupQuantity": null,
            "perGroupPrice": null,
            "weightDefinition": null,
            "cupPrice": 1.87,
            "cupDefinition": "each",
            "cupWeight": null,
            "cupString": "each",
            "available": true
        }, {
            "supplierProductId": 24198,
            "supplierCode": "WOOLIES",
            "supplierName": "Woolworths",
            "price": 1.65,
            "discount": 0,
            "percentDiscount": 0,
            "perGroupQuantity": null,
            "perGroupPrice": null,
            "weightDefinition": null,
            "cupPrice": 1.65,
            "cupDefinition": "each",
            "cupWeight": null,
            "cupString": "each",
            "available": true
        }]
    }, {
        "id": 546,
        "category": "Fruit & Vegetables",
        "category1": null,
        "category2": "Vegetables",
        "category3": "Carrots",
        "category4": null,
        "category1Url": null,
        "category2Url": null,
        "category3Url": null,
        "category4Url": null,
        "name": "Carrots Prepacked",
        "brand": null,
        "brandAndName": "Carrots Prepacked ",
        "volumeSize": "1kg",
        "imageFileName": "24222.jpg",
        "collected": null,
        "available": null,
        "disableFromView": null,
        "preferredSupplier": null,
        "disableFromListory": null,
        "url": "carrots-prepacked-1000-g",
        "supplierProducts": [{
            "supplierProductId": 546,
            "supplierCode": "COLES",
            "supplierName": "Coles",
            "price": 1.2,
            "discount": 0,
            "percentDiscount": 0,
            "perGroupQuantity": null,
            "perGroupPrice": null,
            "weightDefinition": "g",
            "cupPrice": 1.2,
            "cupDefinition": "per kg",
            "cupWeight": 1000,
            "cupString": "per kg",
            "available": true
        }, {
            "supplierProductId": 24222,
            "supplierCode": "WOOLIES",
            "supplierName": "Woolworths",
            "price": 1.5,
            "discount": 0,
            "percentDiscount": 0,
            "perGroupQuantity": null,
            "perGroupPrice": null,
            "weightDefinition": "g",
            "cupPrice": 1.5,
            "cupDefinition": "per kg",
            "cupWeight": 1000,
            "cupString": "per kg",
            "available": true
        }]
    }, {
        "id": 532,
        "category": "Fruit & Vegetables",
        "category1": null,
        "category2": "Vegetables",
        "category3": "Potato",
        "category4": null,
        "category1Url": null,
        "category2Url": null,
        "category3Url": null,
        "category4Url": null,
        "name": "Washed Potatoes Prepacked",
        "brand": null,
        "brandAndName": "Washed Potatoes Prepacked ",
        "volumeSize": "2kg",
        "imageFileName": "24294.jpg",
        "collected": null,
        "available": null,
        "disableFromView": null,
        "preferredSupplier": null,
        "disableFromListory": null,
        "url": "washed-potatoes-prepacked-2000-g",
        "supplierProducts": [{
            "supplierProductId": 532,
            "supplierCode": "COLES",
            "supplierName": "Coles",
            "price": 7,
            "discount": 0,
            "percentDiscount": 0,
            "perGroupQuantity": null,
            "perGroupPrice": null,
            "weightDefinition": "g",
            "cupPrice": 3.5,
            "cupDefinition": "per kg",
            "cupWeight": 2000,
            "cupString": "per kg",
            "available": true
        }, {
            "supplierProductId": 24294,
            "supplierCode": "WOOLIES",
            "supplierName": "Woolworths",
            "price": 7,
            "discount": 0,
            "percentDiscount": 0,
            "perGroupQuantity": null,
            "perGroupPrice": null,
            "weightDefinition": "g",
            "cupPrice": 3.5,
            "cupDefinition": "per kg",
            "cupWeight": 2000,
            "cupString": "per kg",
            "available": true
        }]
    }]
}
