{
  "hits": 51,
  "items": [
    {
      "id": 9206,
      "category": "Drinks",
      "category1": null,
      "category2": "Juice",
      "category3": "Orange Juice",
      "category4": null,
      "category1Url": null,
      "category2Url": null,
      "category3Url": null,
      "category4Url": null,
      "name": "100% Orange Juice",
      "brand": "Golden Circle",
      "brandAndName": "Golden Circle 100% Orange Juice ",
      "volumeSize": "2L",
      "imageFileName": "33366.jpg",
      "collected": null,
      "available": null,
      "disableFromView": null,
      "preferredSupplier": null,
      "disableFromListory": null,
      "url": "golden-circle-100-pct-orange-juice-2000-ml",
      "supplierProducts": [
        {
          "supplierProductId": 33366,
          "supplierCode": "WOOLIES",
          "supplierName": "Woolworths",
          "price": 3,
          "discount": 0,
          "percentDiscount": 0,
          "perGroupQuantity": null,
          "perGroupPrice": null,
          "weightDefinition": "ml",
          "cupPrice": 1.5,
          "cupDefinition": "per L",
          "cupWeight": 2000,
          "cupString": "per L",
          "available": true
        },
        {
          "supplierProductId": 9206,
          "supplierCode": "COLES",
          "supplierName": "Coles",
          "price": 3.95,
          "discount": 0,
          "percentDiscount": 0,
          "perGroupQuantity": null,
          "perGroupPrice": null,
          "weightDefinition": "ml",
          "cupPrice": 1.98,
          "cupDefinition": "per L",
          "cupWeight": 2000,
          "cupString": "per L",
          "available": true
        }
      ]
    },
    {
      "id": 9220,
      "category": "Drinks",
      "category1": null,
      "category2": "Juice",
      "category3": "Orange Juice",
      "category4": null,
      "category1Url": null,
      "category2Url": null,
      "category3Url": null,
      "category4Url": null,
      "name": "Orange Juice",
      "brand": "Berri",
      "brandAndName": "Berri Orange Juice ",
      "volumeSize": "2.4L",
      "imageFileName": "33339.jpg",
      "collected": null,
      "available": null,
      "disableFromView": null,
      "preferredSupplier": null,
      "disableFromListory": null,
      "url": "berri-orange-juice-2400-ml",
      "supplierProducts": [
        {
          "supplierProductId": 33339,
          "supplierCode": "WOOLIES",
          "supplierName": "Woolworths",
          "price": 5,
          "discount": 0,
          "percentDiscount": 0,
          "perGroupQuantity": null,
          "perGroupPrice": null,
          "weightDefinition": "ml",
          "cupPrice": 2.08,
          "cupDefinition": "per L",
          "cupWeight": 2400,
          "cupString": "per L",
          "available": true
        },
        {
          "supplierProductId": 9220,
          "supplierCode": "COLES",
          "supplierName": "Coles",
          "price": 3.3,
          "discount": 0,
          "percentDiscount": 0,
          "perGroupQuantity": null,
          "perGroupPrice": null,
          "weightDefinition": "ml",
          "cupPrice": 1.38,
          "cupDefinition": "per L",
          "cupWeight": 2400,
          "cupString": "per L",
          "available": true
        }
      ]
    },
    {
      "id": 9240,
      "category": "Drinks",
      "category1": null,
      "category2": "Juice",
      "category3": "Orange Juice",
      "category4": null,
      "category1Url": null,
      "category2Url": null,
      "category3Url": null,
      "category4Url": null,
      "name": "100% Orange Juice Box",
      "brand": "Just Juice",
      "brandAndName": "Just Juice 100% Orange Juice Box ",
      "volumeSize": "200ml x 6 pack",
      "imageFileName": "33594.jpg",
      "collected": null,
      "available": null,
      "disableFromView": null,
      "preferredSupplier": null,
      "disableFromListory": null,
      "url": "just-juice-100-pct-orange-juice-box-6-pack-200-ml",
      "supplierProducts": [
        {
          "supplierProductId": 33594,
          "supplierCode": "WOOLIES",
          "supplierName": "Woolworths",
          "price": 4.7,
          "discount": 0,
          "percentDiscount": 0,
          "perGroupQuantity": 2,
          "perGroupPrice": 6,
          "weightDefinition": "ml",
          "cupPrice": 3.92,
          "cupDefinition": "per L",
          "cupWeight": 200,
          "cupString": "per L",
          "available": true
        },
        {
          "supplierProductId": 9240,
          "supplierCode": "COLES",
          "supplierName": "Coles",
          "price": 4.94,
          "discount": 0,
          "percentDiscount": 0,
          "perGroupQuantity": null,
          "perGroupPrice": null,
          "weightDefinition": "ml",
          "cupPrice": 4.12,
          "cupDefinition": "per L",
          "cupWeight": 200,
          "cupString": "per L",
          "available": true
        }
      ]
    },
    {
      "id": 9242,
      "category": "Drinks",
      "category1": null,
      "category2": "Juice",
      "category3": "Orange Juice",
      "category4": null,
      "category1Url": null,
      "category2Url": null,
      "category3Url": null,
      "category4Url": null,
      "name": "Orange Fruit Drink Box",
      "brand": "Pop Tops",
      "brandAndName": "Pop Tops Orange Fruit Drink Box ",
      "volumeSize": "250ml x 6 pack",
      "imageFileName": "33605.jpg",
      "collected": null,
      "available": null,
      "disableFromView": null,
      "preferredSupplier": null,
      "disableFromListory": null,
      "url": "pop-tops-orange-fruit-drink-box-6-pack-250-ml",
      "supplierProducts": [
        {
          "supplierProductId": 9242,
          "supplierCode": "COLES",
          "supplierName": "Coles",
          "price": 4.6,
          "discount": 0,
          "percentDiscount": 0,
          "perGroupQuantity": null,
          "perGroupPrice": null,
          "weightDefinition": "ml",
          "cupPrice": 3.07,
          "cupDefinition": "per L",
          "cupWeight": 250,
          "cupString": "per L",
          "available": true
        }
      ]
    },
    {
      "id": 9250,
      "category": "Drinks",
      "category1": null,
      "category2": "Juice",
      "category3": "Orange Juice",
      "category4": null,
      "category1Url": null,
      "category2Url": null,
      "category3Url": null,
      "category4Url": null,
      "name": "Orange Juice",
      "brand": "Coles",
      "brandAndName": "Coles Orange Juice ",
      "volumeSize": "250ml x 6 pack",
      "imageFileName": "9250.jpg",
      "collected": null,
      "available": null,
      "disableFromView": null,
      "preferredSupplier": null,
      "disableFromListory": null,
      "url": "coles-orange-juice-6-pack-250-ml",
      "supplierProducts": [
        {
          "supplierProductId": 9250,
          "supplierCode": "COLES",
          "supplierName": "Coles",
          "price": 2.3,
          "discount": 0,
          "percentDiscount": 0,
          "perGroupQuantity": 0,
          "perGroupPrice": 0,
          "weightDefinition": "ml",
          "cupPrice": 1.53,
          "cupDefinition": "per L",
          "cupWeight": 250,
          "cupString": "per L",
          "available": true
        }
      ]
    },
    {
      "id": 9274,
      "category": "Drinks",
      "category1": null,
      "category2": "Juice",
      "category3": "Orange Juice",
      "category4": null,
      "category1Url": null,
      "category2Url": null,
      "category3Url": null,
      "category4Url": null,
      "name": "Orange Fruit Drink",
      "brand": "Coles",
      "brandAndName": "Coles Orange Fruit Drink ",
      "volumeSize": "1L",
      "imageFileName": "9274.jpg",
      "collected": null,
      "available": null,
      "disableFromView": null,
      "preferredSupplier": null,
      "disableFromListory": null,
      "url": "coles-orange-fruit-drink-1000-ml",
      "supplierProducts": [
        {
          "supplierProductId": 9274,
          "supplierCode": "COLES",
          "supplierName": "Coles",
          "price": 1,
          "discount": 0,
          "percentDiscount": 0,
          "perGroupQuantity": 0,
          "perGroupPrice": 0,
          "weightDefinition": "ml",
          "cupPrice": 1,
          "cupDefinition": "per L",
          "cupWeight": 1000,
          "cupString": "per L",
          "available": true
        }
      ]
    },
    {
      "id": 9276,
      "category": "Drinks",
      "category1": null,
      "category2": "Juice",
      "category3": "Orange Juice",
      "category4": null,
      "category1Url": null,
      "category2Url": null,
      "category3Url": null,
      "category4Url": null,
      "name": "100% Orange Juice Unsweetened",
      "brand": "Just Juice",
      "brandAndName": "Just Juice 100% Orange Juice Unsweetened ",
      "volumeSize": "1L",
      "imageFileName": "33389.jpg",
      "collected": null,
      "available": null,
      "disableFromView": null,
      "preferredSupplier": null,
      "disableFromListory": null,
      "url": "just-juice-100-pct-orange-juice-unsweetened-1000-ml",
      "supplierProducts": [
        {
          "supplierProductId": 9276,
          "supplierCode": "COLES",
          "supplierName": "Coles",
          "price": 2.53,
          "discount": 0,
          "percentDiscount": 0,
          "perGroupQuantity": null,
          "perGroupPrice": null,
          "weightDefinition": "ml",
          "cupPrice": 2.53,
          "cupDefinition": "per L",
          "cupWeight": 1000,
          "cupString": "per L",
          "available": true
        },
        {
          "supplierProductId": 33389,
          "supplierCode": "WOOLIES",
          "supplierName": "Woolworths",
          "price": 2.3,
          "discount": 0,
          "percentDiscount": 0,
          "perGroupQuantity": null,
          "perGroupPrice": null,
          "weightDefinition": "ml",
          "cupPrice": 2.3,
          "cupDefinition": "per L",
          "cupWeight": 1000,
          "cupString": "per L",
          "available": true
        }
      ]
    },
    {
      "id": 9291,
      "category": "Drinks",
      "category1": null,
      "category2": "Juice",
      "category3": "Orange Juice",
      "category4": null,
      "category1Url": null,
      "category2Url": null,
      "category3Url": null,
      "category4Url": null,
      "name": "Power Blend Orange Kick Juice",
      "brand": "V8",
      "brandAndName": "V8 Power Blend Orange Kick Juice ",
      "volumeSize": "1.25L",
      "imageFileName": "9291.jpg",
      "collected": null,
      "available": null,
      "disableFromView": null,
      "preferredSupplier": null,
      "disableFromListory": null,
      "url": "v8-power-blend-orange-kick-juice-1250-ml",
      "supplierProducts": [
        {
          "supplierProductId": 9291,
          "supplierCode": "COLES",
          "supplierName": "Coles",
          "price": 5.49,
          "discount": 0,
          "percentDiscount": 0,
          "perGroupQuantity": 2,
          "perGroupPrice": 6,
          "weightDefinition": "ml",
          "cupPrice": 4.39,
          "cupDefinition": "per L",
          "cupWeight": 1250,
          "cupString": "per L",
          "available": true
        },
        {
          "supplierProductId": 33427,
          "supplierCode": "WOOLIES",
          "supplierName": "Woolworths",
          "price": 4.99,
          "discount": 0,
          "percentDiscount": 0,
          "perGroupQuantity": null,
          "perGroupPrice": null,
          "weightDefinition": "ml",
          "cupPrice": 3.99,
          "cupDefinition": "per L",
          "cupWeight": 1250,
          "cupString": "per L",
          "available": true
        }
      ]
    },
    {
      "id": 9330,
      "category": "Drinks",
      "category1": null,
      "category2": "Juice",
      "category3": "Orange Juice",
      "category4": null,
      "category1Url": null,
      "category2Url": null,
      "category3Url": null,
      "category4Url": null,
      "name": "Orange Fruit Juice",
      "brand": "Golden Circle",
      "brandAndName": "Golden Circle Orange Fruit Juice ",
      "volumeSize": "200ml x 6 pack",
      "imageFileName": "9330.jpg",
      "collected": null,
      "available": null,
      "disableFromView": null,
      "preferredSupplier": null,
      "disableFromListory": null,
      "url": "golden-circle-orange-fruit-juice-6-pack-200-ml",
      "supplierProducts": [
        {
          "supplierProductId": 9330,
          "supplierCode": "COLES",
          "supplierName": "Coles",
          "price": 4.94,
          "discount": 0,
          "percentDiscount": 0,
          "perGroupQuantity": null,
          "perGroupPrice": null,
          "weightDefinition": "ml",
          "cupPrice": 4.12,
          "cupDefinition": "per L",
          "cupWeight": 200,
          "cupString": "per L",
          "available": true
        }
      ]
    },
    {
      "id": 9350,
      "category": "Drinks",
      "category1": null,
      "category2": "Juice",
      "category3": "Orange Juice",
      "category4": null,
      "category1Url": null,
      "category2Url": null,
      "category3Url": null,
      "category4Url": null,
      "name": "100% Orange Juice Organic Pouch",
      "brand": "Sunraysia",
      "brandAndName": "Sunraysia 100% Orange Juice Organic Pouch ",
      "volumeSize": "200ml",
      "imageFileName": "33419.jpg",
      "collected": null,
      "available": null,
      "disableFromView": null,
      "preferredSupplier": null,
      "disableFromListory": null,
      "url": "sunraysia-100-pct-orange-juice-organic-pouch-200-ml",
      "supplierProducts": [
        {
          "supplierProductId": 33419,
          "supplierCode": "WOOLIES",
          "supplierName": "Woolworths",
          "price": 1.58,
          "discount": 0,
          "percentDiscount": 0,
          "perGroupQuantity": 5,
          "perGroupPrice": 5,
          "weightDefinition": "ml",
          "cupPrice": 7.9,
          "cupDefinition": "per L",
          "cupWeight": 200,
          "cupString": "per L",
          "available": true
        }
      ]
    },
    {
      "id": 9354,
      "category": "Drinks",
      "category1": null,
      "category2": "Juice",
      "category3": "Orange Juice",
      "category4": null,
      "category1Url": null,
      "category2Url": null,
      "category3Url": null,
      "category4Url": null,
      "name": "Pulp Free Orange Juice No Added Sugar Chilled",
      "brand": "Daily Juice",
      "brandAndName": "Daily Juice Pulp Free Orange Juice No Added Sugar Chilled ",
      "volumeSize": "2L",
      "imageFileName": "33469.jpg",
      "collected": null,
      "available": null,
      "disableFromView": null,
      "preferredSupplier": null,
      "disableFromListory": null,
      "url": "daily-juice-pulp-free-orange-juice-no-added-sugar-chilled-2000-ml",
      "supplierProducts": [
        {
          "supplierProductId": 9354,
          "supplierCode": "COLES",
          "supplierName": "Coles",
          "price": 5,
          "discount": 0,
          "percentDiscount": 0,
          "perGroupQuantity": null,
          "perGroupPrice": null,
          "weightDefinition": "ml",
          "cupPrice": 2.5,
          "cupDefinition": "per L",
          "cupWeight": 2000,
          "cupString": "per L",
          "available": true
        },
        {
          "supplierProductId": 33469,
          "supplierCode": "WOOLIES",
          "supplierName": "Woolworths",
          "price": 5.3,
          "discount": 0,
          "percentDiscount": 0,
          "perGroupQuantity": null,
          "perGroupPrice": null,
          "weightDefinition": "ml",
          "cupPrice": 2.65,
          "cupDefinition": "per L",
          "cupWeight": 2000,
          "cupString": "per L",
          "available": true
        }
      ]
    },
    {
      "id": 9355,
      "category": "Drinks",
      "category1": null,
      "category2": "Juice",
      "category3": "Orange Juice",
      "category4": null,
      "category1Url": null,
      "category2Url": null,
      "category3Url": null,
      "category4Url": null,
      "name": "Nothing But 100% Orange Juice Pulp Free Chilled",
      "brand": "Nudie",
      "brandAndName": "Nudie Nothing But 100% Orange Juice Pulp Free Chilled ",
      "volumeSize": "2L",
      "imageFileName": "33531.jpg",
      "collected": null,
      "available": null,
      "disableFromView": null,
      "preferredSupplier": null,
      "disableFromListory": null,
      "url": "nudie-nothing-but-100-pct-orange-juice-pulp-free-chilled-2000-ml",
      "supplierProducts": [
        {
          "supplierProductId": 9355,
          "supplierCode": "COLES",
          "supplierName": "Coles",
          "price": 6.45,
          "discount": 0,
          "percentDiscount": 0,
          "perGroupQuantity": null,
          "perGroupPrice": null,
          "weightDefinition": "ml",
          "cupPrice": 3.22,
          "cupDefinition": "per L",
          "cupWeight": 2000,
          "cupString": "per L",
          "available": true
        },
        {
          "supplierProductId": 33531,
          "supplierCode": "WOOLIES",
          "supplierName": "Woolworths",
          "price": 6.6,
          "discount": 0,
          "percentDiscount": 0,
          "perGroupQuantity": null,
          "perGroupPrice": null,
          "weightDefinition": "ml",
          "cupPrice": 3.3,
          "cupDefinition": "per L",
          "cupWeight": 2000,
          "cupString": "per L",
          "available": true
        }
      ]
    },
    {
      "id": 9356,
      "category": "Drinks",
      "category1": null,
      "category2": "Juice",
      "category3": "Orange Juice",
      "category4": null,
      "category1Url": null,
      "category2Url": null,
      "category3Url": null,
      "category4Url": null,
      "name": "Orange Juice No Added Sugar Chilled",
      "brand": "Coles",
      "brandAndName": "Coles Orange Juice No Added Sugar Chilled ",
      "volumeSize": "3L",
      "imageFileName": "9356.jpg",
      "collected": null,
      "available": null,
      "disableFromView": null,
      "preferredSupplier": null,
      "disableFromListory": null,
      "url": "coles-orange-juice-no-added-sugar-chilled-3000-ml",
      "supplierProducts": [
        {
          "supplierProductId": 9356,
          "supplierCode": "COLES",
          "supplierName": "Coles",
          "price": 3.5,
          "discount": 0,
          "percentDiscount": 0,
          "perGroupQuantity": 0,
          "perGroupPrice": 0,
          "weightDefinition": "ml",
          "cupPrice": 1.17,
          "cupDefinition": "per L",
          "cupWeight": 3000,
          "cupString": "per L",
          "available": true
        }
      ]
    },
    {
      "id": 9359,
      "category": "Drinks",
      "category1": null,
      "category2": "Juice",
      "category3": "Orange Juice",
      "category4": null,
      "category1Url": null,
      "category2Url": null,
      "category3Url": null,
      "category4Url": null,
      "name": "Orange Juice No Added Sugar Chilled",
      "brand": "Daily Juice",
      "brandAndName": "Daily Juice Orange Juice No Added Sugar Chilled ",
      "volumeSize": "2L",
      "imageFileName": "9359.jpg",
      "collected": null,
      "available": null,
      "disableFromView": null,
      "preferredSupplier": null,
      "disableFromListory": null,
      "url": "daily-juice-orange-juice-no-added-sugar-chilled-2000-ml",
      "supplierProducts": [
        {
          "supplierProductId": 9359,
          "supplierCode": "COLES",
          "supplierName": "Coles",
          "price": 5,
          "discount": 0,
          "percentDiscount": 0,
          "perGroupQuantity": null,
          "perGroupPrice": null,
          "weightDefinition": "ml",
          "cupPrice": 2.5,
          "cupDefinition": "per L",
          "cupWeight": 2000,
          "cupString": "per L",
          "available": true
        }
      ]
    },
    {
      "id": 9360,
      "category": "Drinks",
      "category1": null,
      "category2": "Juice",
      "category3": "Orange Juice",
      "category4": null,
      "category1Url": null,
      "category2Url": null,
      "category3Url": null,
      "category4Url": null,
      "name": "Orange Juice Australian Grown Chilled",
      "brand": "Berri",
      "brandAndName": "Berri Orange Juice Australian Grown Chilled ",
      "volumeSize": "1L",
      "imageFileName": "9360.jpg",
      "collected": null,
      "available": null,
      "disableFromView": null,
      "preferredSupplier": null,
      "disableFromListory": null,
      "url": "berri-orange-juice-australian-grown-chilled-1000-ml",
      "supplierProducts": [
        {
          "supplierProductId": 9360,
          "supplierCode": "COLES",
          "supplierName": "Coles",
          "price": 4.4,
          "discount": 0,
          "percentDiscount": 0,
          "perGroupQuantity": null,
          "perGroupPrice": null,
          "weightDefinition": "ml",
          "cupPrice": 4.4,
          "cupDefinition": "per L",
          "cupWeight": 1000,
          "cupString": "per L",
          "available": true
        },
        {
          "supplierProductId": 33443,
          "supplierCode": "WOOLIES",
          "supplierName": "Woolworths",
          "price": 4.4,
          "discount": 0,
          "percentDiscount": 0,
          "perGroupQuantity": null,
          "perGroupPrice": null,
          "weightDefinition": "ml",
          "cupPrice": 4.4,
          "cupDefinition": "per L",
          "cupWeight": 1000,
          "cupString": "per L",
          "available": true
        }
      ]
    },
    {
      "id": 9361,
      "category": "Drinks",
      "category1": null,
      "category2": "Juice",
      "category3": "Orange Juice",
      "category4": null,
      "category1Url": null,
      "category2Url": null,
      "category3Url": null,
      "category4Url": null,
      "name": "Orange Juice Australian Chilled",
      "brand": "Eastcoast Beverages",
      "brandAndName": "Eastcoast Beverages Orange Juice Australian Chilled ",
      "volumeSize": "2L",
      "imageFileName": "9361.jpg",
      "collected": null,
      "available": null,
      "disableFromView": null,
      "preferredSupplier": null,
      "disableFromListory": null,
      "url": "eastcoast-beverages-orange-juice-australian-chilled-2000-ml",
      "supplierProducts": [
        {
          "supplierProductId": 9361,
          "supplierCode": "COLES",
          "supplierName": "Coles",
          "price": 5,
          "discount": 0,
          "percentDiscount": 0,
          "perGroupQuantity": null,
          "perGroupPrice": null,
          "weightDefinition": "ml",
          "cupPrice": 2.5,
          "cupDefinition": "per L",
          "cupWeight": 2000,
          "cupString": "per L",
          "available": true
        }
      ]
    },
    {
      "id": 9363,
      "category": "Drinks",
      "category1": null,
      "category2": "Juice",
      "category3": "Orange Juice",
      "category4": null,
      "category1Url": null,
      "category2Url": null,
      "category3Url": null,
      "category4Url": null,
      "name": "Orange Juice Chilled",
      "brand": "Original Black Label Juice Co.",
      "brandAndName": "Original Black Label Juice Co. Orange Juice Chilled ",
      "volumeSize": "1.5L",
      "imageFileName": "33543.jpg",
      "collected": null,
      "available": null,
      "disableFromView": null,
      "preferredSupplier": null,
      "disableFromListory": null,
      "url": "original-black-label-juice-co-orange-juice-chilled-1500-ml",
      "supplierProducts": [
        {
          "supplierProductId": 9363,
          "supplierCode": "COLES",
          "supplierName": "Coles",
          "price": 5,
          "discount": 0,
          "percentDiscount": 0,
          "perGroupQuantity": null,
          "perGroupPrice": null,
          "weightDefinition": "ml",
          "cupPrice": 3.33,
          "cupDefinition": "per L",
          "cupWeight": 1500,
          "cupString": "per L",
          "available": true
        },
        {
          "supplierProductId": 33543,
          "supplierCode": "WOOLIES",
          "supplierName": "Woolworths",
          "price": 5,
          "discount": 0,
          "percentDiscount": 0,
          "perGroupQuantity": null,
          "perGroupPrice": null,
          "weightDefinition": "ml",
          "cupPrice": 3.33,
          "cupDefinition": "per L",
          "cupWeight": 1500,
          "cupString": "per L",
          "available": true
        }
      ]
    },
    {
      "id": 9365,
      "category": "Drinks",
      "category1": null,
      "category2": "Juice",
      "category3": "Orange Juice",
      "category4": null,
      "category1Url": null,
      "category2Url": null,
      "category3Url": null,
      "category4Url": null,
      "name": "25% Orange Crush Fruit Drink Chilled",
      "brand": "Coles Smart Buy",
      "brandAndName": "Coles Smart Buy 25% Orange Crush Fruit Drink Chilled ",
      "volumeSize": "2L",
      "imageFileName": "9365.jpg",
      "collected": null,
      "available": null,
      "disableFromView": null,
      "preferredSupplier": null,
      "disableFromListory": null,
      "url": "coles-smart-buy-25-pct-orange-crush-fruit-drink-chilled-2000-ml",
      "supplierProducts": [
        {
          "supplierProductId": 9365,
          "supplierCode": "COLES",
          "supplierName": "Coles",
          "price": 1.7,
          "discount": 0,
          "percentDiscount": 0,
          "perGroupQuantity": 0,
          "perGroupPrice": 0,
          "weightDefinition": "ml",
          "cupPrice": 0.85,
          "cupDefinition": "per L",
          "cupWeight": 2000,
          "cupString": "per L",
          "available": true
        }
      ]
    },
    {
      "id": 9367,
      "category": "Drinks",
      "category1": null,
      "category2": "Juice",
      "category3": "Orange Juice",
      "category4": null,
      "category1Url": null,
      "category2Url": null,
      "category3Url": null,
      "category4Url": null,
      "name": "Orange Juice Chill",
      "brand": "The Daily Juice Company",
      "brandAndName": "The Daily Juice Company Orange Juice Chill ",
      "volumeSize": "3L",
      "imageFileName": "33470.jpg",
      "collected": null,
      "available": null,
      "disableFromView": null,
      "preferredSupplier": null,
      "disableFromListory": null,
      "url": "the-daily-juice-company-orange-juice-chill-3000-ml",
      "supplierProducts": [
        {
          "supplierProductId": 9367,
          "supplierCode": "COLES",
          "supplierName": "Coles",
          "price": 7.35,
          "discount": 0,
          "percentDiscount": 0,
          "perGroupQuantity": null,
          "perGroupPrice": null,
          "weightDefinition": "ml",
          "cupPrice": 2.45,
          "cupDefinition": "per L",
          "cupWeight": 3000,
          "cupString": "per L",
          "available": true
        },
        {
          "supplierProductId": 33470,
          "supplierCode": "WOOLIES",
          "supplierName": "Woolworths",
          "price": 7.5,
          "discount": 0,
          "percentDiscount": 0,
          "perGroupQuantity": null,
          "perGroupPrice": null,
          "weightDefinition": "ml",
          "cupPrice": 2.5,
          "cupDefinition": "per L",
          "cupWeight": 3000,
          "cupString": "per L",
          "available": true
        }
      ]
    },
    {
      "id": 9368,
      "category": "Drinks",
      "category1": null,
      "category2": "Juice",
      "category3": "Orange Juice",
      "category4": null,
      "category1Url": null,
      "category2Url": null,
      "category3Url": null,
      "category4Url": null,
      "name": "Orange Juice Australian Grown Chilled",
      "brand": "Berri",
      "brandAndName": "Berri Orange Juice Australian Grown Chilled ",
      "volumeSize": "2L",
      "imageFileName": "45759.jpg",
      "collected": null,
      "available": null,
      "disableFromView": null,
      "preferredSupplier": null,
      "disableFromListory": null,
      "url": "berri-orange-juice-australian-grown-chilled-2000-ml",
      "supplierProducts": [
        {
          "supplierProductId": 9368,
          "supplierCode": "COLES",
          "supplierName": "Coles",
          "price": 7,
          "discount": 0,
          "percentDiscount": 0,
          "perGroupQuantity": null,
          "perGroupPrice": null,
          "weightDefinition": "ml",
          "cupPrice": 3.5,
          "cupDefinition": "per L",
          "cupWeight": 2000,
          "cupString": "per L",
          "available": true
        },
        {
          "supplierProductId": 45759,
          "supplierCode": "WOOLIES",
          "supplierName": "Woolworths",
          "price": 7,
          "discount": 0,
          "percentDiscount": 0,
          "perGroupQuantity": null,
          "perGroupPrice": null,
          "weightDefinition": "ml",
          "cupPrice": 3.5,
          "cupDefinition": "per L",
          "cupWeight": 2000,
          "cupString": "per L",
          "available": true
        }
      ]
    },
    {
      "id": 9372,
      "category": "Drinks",
      "category1": null,
      "category2": "Juice",
      "category3": "Orange Juice",
      "category4": null,
      "category1Url": null,
      "category2Url": null,
      "category3Url": null,
      "category4Url": null,
      "name": "Nothing But 100% Orange Juice Chilled",
      "brand": "Nudie",
      "brandAndName": "Nudie Nothing But 100% Orange Juice Chilled ",
      "volumeSize": "1L",
      "imageFileName": "33532.jpg",
      "collected": null,
      "available": null,
      "disableFromView": null,
      "preferredSupplier": null,
      "disableFromListory": null,
      "url": "nudie-nothing-but-100-pct-orange-juice-chilled-1000-ml",
      "supplierProducts": [
        {
          "supplierProductId": 33532,
          "supplierCode": "WOOLIES",
          "supplierName": "Woolworths",
          "price": 4.5,
          "discount": 0,
          "percentDiscount": 0,
          "perGroupQuantity": 0,
          "perGroupPrice": 0,
          "weightDefinition": "ml",
          "cupPrice": 4.5,
          "cupDefinition": "per L",
          "cupWeight": 1000,
          "cupString": "per L",
          "available": true
        },
        {
          "supplierProductId": 9372,
          "supplierCode": "COLES",
          "supplierName": "Coles",
          "price": 4.4,
          "discount": 0,
          "percentDiscount": 0,
          "perGroupQuantity": null,
          "perGroupPrice": null,
          "weightDefinition": "ml",
          "cupPrice": 4.4,
          "cupDefinition": "per L",
          "cupWeight": 1000,
          "cupString": "per L",
          "available": true
        }
      ]
    },
    {
      "id": 9376,
      "category": "Drinks",
      "category1": null,
      "category2": "Juice",
      "category3": "Orange Juice",
      "category4": null,
      "category1Url": null,
      "category2Url": null,
      "category3Url": null,
      "category4Url": null,
      "name": "Nothing But 100% Orange Juice Pulp Free Chilled",
      "brand": "Nudie",
      "brandAndName": "Nudie Nothing But 100% Orange Juice Pulp Free Chilled ",
      "volumeSize": "1L",
      "imageFileName": "9376.jpg",
      "collected": null,
      "available": null,
      "disableFromView": null,
      "preferredSupplier": null,
      "disableFromListory": null,
      "url": "nudie-nothing-but-100-pct-orange-juice-pulp-free-chilled-1000-ml",
      "supplierProducts": [
        {
          "supplierProductId": 9376,
          "supplierCode": "COLES",
          "supplierName": "Coles",
          "price": 4.4,
          "discount": 0,
          "percentDiscount": 0,
          "perGroupQuantity": null,
          "perGroupPrice": null,
          "weightDefinition": "ml",
          "cupPrice": 4.4,
          "cupDefinition": "per L",
          "cupWeight": 1000,
          "cupString": "per L",
          "available": true
        },
        {
          "supplierProductId": 33530,
          "supplierCode": "WOOLIES",
          "supplierName": "Woolworths",
          "price": 4.5,
          "discount": 0,
          "percentDiscount": 0,
          "perGroupQuantity": null,
          "perGroupPrice": null,
          "weightDefinition": "ml",
          "cupPrice": 4.5,
          "cupDefinition": "per L",
          "cupWeight": 1000,
          "cupString": "per L",
          "available": true
        }
      ]
    },
    {
      "id": 9380,
      "category": "Drinks",
      "category1": null,
      "category2": "Juice",
      "category3": "Orange Juice",
      "category4": null,
      "category1Url": null,
      "category2Url": null,
      "category3Url": null,
      "category4Url": null,
      "name": "Orange Juice Pulp Free Chilled",
      "brand": "Original Black Label Juice Co.",
      "brandAndName": "Original Black Label Juice Co. Orange Juice Pulp Free Chilled ",
      "volumeSize": "1.5L",
      "imageFileName": "33544.jpg",
      "collected": null,
      "available": null,
      "disableFromView": null,
      "preferredSupplier": null,
      "disableFromListory": null,
      "url": "original-black-label-juice-co-orange-juice-pulp-free-chilled-1500-ml",
      "supplierProducts": [
        {
          "supplierProductId": 9380,
          "supplierCode": "COLES",
          "supplierName": "Coles",
          "price": 5,
          "discount": 0,
          "percentDiscount": 0,
          "perGroupQuantity": null,
          "perGroupPrice": null,
          "weightDefinition": "ml",
          "cupPrice": 3.33,
          "cupDefinition": "per L",
          "cupWeight": 1500,
          "cupString": "per L",
          "available": true
        },
        {
          "supplierProductId": 33544,
          "supplierCode": "WOOLIES",
          "supplierName": "Woolworths",
          "price": 5,
          "discount": 0,
          "percentDiscount": 0,
          "perGroupQuantity": null,
          "perGroupPrice": null,
          "weightDefinition": "ml",
          "cupPrice": 3.33,
          "cupDefinition": "per L",
          "cupWeight": 1500,
          "cupString": "per L",
          "available": true
        }
      ]
    },
    {
      "id": 9381,
      "category": "Drinks",
      "category1": null,
      "category2": "Juice",
      "category3": "Orange Juice",
      "category4": null,
      "category1Url": null,
      "category2Url": null,
      "category3Url": null,
      "category4Url": null,
      "name": "Orange Juice Australian Grown Pulp Free Chilled",
      "brand": "Berri",
      "brandAndName": "Berri Orange Juice Australian Grown Pulp Free Chilled ",
      "volumeSize": "2L",
      "imageFileName": "33445.jpg",
      "collected": null,
      "available": null,
      "disableFromView": null,
      "preferredSupplier": null,
      "disableFromListory": null,
      "url": "berri-orange-juice-australian-grown-pulp-free-chilled-2000-ml",
      "supplierProducts": [
        {
          "supplierProductId": 9381,
          "supplierCode": "COLES",
          "supplierName": "Coles",
          "price": 7,
          "discount": 0,
          "percentDiscount": 0,
          "perGroupQuantity": null,
          "perGroupPrice": null,
          "weightDefinition": "ml",
          "cupPrice": 3.5,
          "cupDefinition": "per L",
          "cupWeight": 2000,
          "cupString": "per L",
          "available": true
        },
        {
          "supplierProductId": 33445,
          "supplierCode": "WOOLIES",
          "supplierName": "Woolworths",
          "price": 7,
          "discount": 0,
          "percentDiscount": 0,
          "perGroupQuantity": null,
          "perGroupPrice": null,
          "weightDefinition": "ml",
          "cupPrice": 3.5,
          "cupDefinition": "per L",
          "cupWeight": 2000,
          "cupString": "per L",
          "available": true
        }
      ]
    },
    {
      "id": 9387,
      "category": "Drinks",
      "category1": null,
      "category2": "Juice",
      "category3": "Orange Juice",
      "category4": null,
      "category1Url": null,
      "category2Url": null,
      "category3Url": null,
      "category4Url": null,
      "name": "Orange Juice Pulp Free Australian Chilled",
      "brand": "Eastcoast Beverages",
      "brandAndName": "Eastcoast Beverages Orange Juice Pulp Free Australian Chilled ",
      "volumeSize": "2L",
      "imageFileName": "9387.jpg",
      "collected": null,
      "available": null,
      "disableFromView": null,
      "preferredSupplier": null,
      "disableFromListory": null,
      "url": "eastcoast-beverages-orange-juice-pulp-free-australian-chilled-2000-ml",
      "supplierProducts": [
        {
          "supplierProductId": 9387,
          "supplierCode": "COLES",
          "supplierName": "Coles",
          "price": 5,
          "discount": 0,
          "percentDiscount": 0,
          "perGroupQuantity": null,
          "perGroupPrice": null,
          "weightDefinition": "ml",
          "cupPrice": 2.5,
          "cupDefinition": "per L",
          "cupWeight": 2000,
          "cupString": "per L",
          "available": true
        },
        {
          "supplierProductId": 33473,
          "supplierCode": "WOOLIES",
          "supplierName": "Woolworths",
          "price": 5.3,
          "discount": 0,
          "percentDiscount": 0,
          "perGroupQuantity": null,
          "perGroupPrice": null,
          "weightDefinition": "ml",
          "cupPrice": 2.65,
          "cupDefinition": "per L",
          "cupWeight": 2000,
          "cupString": "per L",
          "available": true
        }
      ]
    },
    {
      "id": 9392,
      "category": "Drinks",
      "category1": null,
      "category2": "Juice",
      "category3": "Orange Juice",
      "category4": null,
      "category1Url": null,
      "category2Url": null,
      "category3Url": null,
      "category4Url": null,
      "name": "Orange Juice Australian Grown Low Acid Chilled",
      "brand": "Berri",
      "brandAndName": "Berri Orange Juice Australian Grown Low Acid Chilled ",
      "volumeSize": "1L",
      "imageFileName": "33442.jpg",
      "collected": null,
      "available": null,
      "disableFromView": null,
      "preferredSupplier": null,
      "disableFromListory": null,
      "url": "berri-orange-juice-australian-grown-low-acid-chilled-1000-ml",
      "supplierProducts": [
        {
          "supplierProductId": 9392,
          "supplierCode": "COLES",
          "supplierName": "Coles",
          "price": 4.4,
          "discount": 0,
          "percentDiscount": 0,
          "perGroupQuantity": null,
          "perGroupPrice": null,
          "weightDefinition": "ml",
          "cupPrice": 4.4,
          "cupDefinition": "per L",
          "cupWeight": 1000,
          "cupString": "per L",
          "available": true
        }
      ]
    },
    {
      "id": 9393,
      "category": "Drinks",
      "category1": null,
      "category2": "Juice",
      "category3": "Orange Juice",
      "category4": null,
      "category1Url": null,
      "category2Url": null,
      "category3Url": null,
      "category4Url": null,
      "name": "Orange Juice Pulp Free",
      "brand": "Coles",
      "brandAndName": "Coles Orange Juice Pulp Free ",
      "volumeSize": "2L",
      "imageFileName": "9393.jpg",
      "collected": null,
      "available": null,
      "disableFromView": null,
      "preferredSupplier": null,
      "disableFromListory": null,
      "url": "coles-orange-juice-pulp-free-2000-ml",
      "supplierProducts": [
        {
          "supplierProductId": 9393,
          "supplierCode": "COLES",
          "supplierName": "Coles",
          "price": 4,
          "discount": 0,
          "percentDiscount": 0,
          "perGroupQuantity": 0,
          "perGroupPrice": 0,
          "weightDefinition": "ml",
          "cupPrice": 2,
          "cupDefinition": "per L",
          "cupWeight": 2000,
          "cupString": "per L",
          "available": true
        }
      ]
    },
    {
      "id": 9401,
      "category": "Drinks",
      "category1": null,
      "category2": "Juice",
      "category3": "Orange Juice",
      "category4": null,
      "category1Url": null,
      "category2Url": null,
      "category3Url": null,
      "category4Url": null,
      "name": "Orange Juice Chilled",
      "brand": "Original Black Label Juice Co.",
      "brandAndName": "Original Black Label Juice Co. Orange Juice Chilled ",
      "volumeSize": "600ml",
      "imageFileName": "33542.jpg",
      "collected": null,
      "available": null,
      "disableFromView": null,
      "preferredSupplier": null,
      "disableFromListory": null,
      "url": "original-black-label-juice-co-orange-juice-chilled-600-ml",
      "supplierProducts": [
        {
          "supplierProductId": 9401,
          "supplierCode": "COLES",
          "supplierName": "Coles",
          "price": 3,
          "discount": 0,
          "percentDiscount": 0,
          "perGroupQuantity": null,
          "perGroupPrice": null,
          "weightDefinition": "ml",
          "cupPrice": 5,
          "cupDefinition": "per L",
          "cupWeight": 600,
          "cupString": "per L",
          "available": true
        },
        {
          "supplierProductId": 33542,
          "supplierCode": "WOOLIES",
          "supplierName": "Woolworths",
          "price": 3,
          "discount": 0,
          "percentDiscount": 0,
          "perGroupQuantity": null,
          "perGroupPrice": null,
          "weightDefinition": "ml",
          "cupPrice": 5,
          "cupDefinition": "per L",
          "cupWeight": 600,
          "cupString": "per L",
          "available": true
        }
      ]
    },
    {
      "id": 9408,
      "category": "Drinks",
      "category1": null,
      "category2": "Juice",
      "category3": "Orange Juice",
      "category4": null,
      "category1Url": null,
      "category2Url": null,
      "category3Url": null,
      "category4Url": null,
      "name": "Orange Juice Chilled",
      "brand": "Coles Finest",
      "brandAndName": "Coles Finest Orange Juice Chilled ",
      "volumeSize": "500ml",
      "imageFileName": "9408.jpg",
      "collected": null,
      "available": null,
      "disableFromView": null,
      "preferredSupplier": null,
      "disableFromListory": null,
      "url": "coles-finest-orange-juice-chilled-500-ml",
      "supplierProducts": [
        {
          "supplierProductId": 9408,
          "supplierCode": "COLES",
          "supplierName": "Coles",
          "price": 2,
          "discount": 0,
          "percentDiscount": 0,
          "perGroupQuantity": 0,
          "perGroupPrice": 0,
          "weightDefinition": "ml",
          "cupPrice": 4,
          "cupDefinition": "per L",
          "cupWeight": 500,
          "cupString": "per L",
          "available": true
        }
      ]
    },
    {
      "id": 9410,
      "category": "Drinks",
      "category1": null,
      "category2": "Juice",
      "category3": "Orange Juice",
      "category4": null,
      "category1Url": null,
      "category2Url": null,
      "category3Url": null,
      "category4Url": null,
      "name": "Orange Juice Pulp Free Pop Top Chilled",
      "brand": "Daily Juice",
      "brandAndName": "Daily Juice Orange Juice Pulp Free Pop Top Chilled ",
      "volumeSize": "500ml",
      "imageFileName": "33471.jpg",
      "collected": null,
      "available": null,
      "disableFromView": null,
      "preferredSupplier": null,
      "disableFromListory": null,
      "url": "daily-juice-orange-juice-pulp-free-pop-top-chilled-500-ml",
      "supplierProducts": [
        {
          "supplierProductId": 9410,
          "supplierCode": "COLES",
          "supplierName": "Coles",
          "price": 2.7,
          "discount": 0,
          "percentDiscount": 0,
          "perGroupQuantity": null,
          "perGroupPrice": null,
          "weightDefinition": "ml",
          "cupPrice": 5.4,
          "cupDefinition": "per L",
          "cupWeight": 500,
          "cupString": "per L",
          "available": true
        },
        {
          "supplierProductId": 33471,
          "supplierCode": "WOOLIES",
          "supplierName": "Woolworths",
          "price": 2.7,
          "discount": 0,
          "percentDiscount": 0,
          "perGroupQuantity": 2,
          "perGroupPrice": 4.5,
          "weightDefinition": "ml",
          "cupPrice": 5.4,
          "cupDefinition": "per L",
          "cupWeight": 500,
          "cupString": "per L",
          "available": true
        }
      ]
    },
    {
      "id": 9414,
      "category": "Drinks",
      "category1": null,
      "category2": "Juice",
      "category3": "Orange Juice",
      "category4": null,
      "category1Url": null,
      "category2Url": null,
      "category3Url": null,
      "category4Url": null,
      "name": "Signature Orange Juice Chilled",
      "brand": "Grove Juice",
      "brandAndName": "Grove Juice Signature Orange Juice Chilled ",
      "volumeSize": "2L",
      "imageFileName": "33478.jpg",
      "collected": null,
      "available": null,
      "disableFromView": null,
      "preferredSupplier": null,
      "disableFromListory": null,
      "url": "grove-juice-signature-orange-juice-chilled-2000-ml",
      "supplierProducts": [
        {
          "supplierProductId": 33478,
          "supplierCode": "WOOLIES",
          "supplierName": "Woolworths",
          "price": 6.5,
          "discount": 0,
          "percentDiscount": 0,
          "perGroupQuantity": null,
          "perGroupPrice": null,
          "weightDefinition": "ml",
          "cupPrice": 3.25,
          "cupDefinition": "per L",
          "cupWeight": 2000,
          "cupString": "per L",
          "available": true
        }
      ]
    },
    {
      "id": 18729,
      "category": "Drinks",
      "category1": null,
      "category2": "Juice",
      "category3": "Orange Juice",
      "category4": null,
      "category1Url": null,
      "category2Url": null,
      "category3Url": null,
      "category4Url": null,
      "name": "Orange Juice",
      "brand": "Woolworths Select",
      "brandAndName": "Woolworths Select Orange Juice ",
      "volumeSize": "2L",
      "imageFileName": "33435.jpg",
      "collected": null,
      "available": null,
      "disableFromView": null,
      "preferredSupplier": null,
      "disableFromListory": null,
      "url": "woolworths-select-orange-juice-2000-ml",
      "supplierProducts": [
        {
          "supplierProductId": 33435,
          "supplierCode": "WOOLIES",
          "supplierName": "Woolworths",
          "price": 2,
          "discount": 0,
          "percentDiscount": 0,
          "perGroupQuantity": 0,
          "perGroupPrice": 0,
          "weightDefinition": "ml",
          "cupPrice": 1,
          "cupDefinition": "per L",
          "cupWeight": 2000,
          "cupString": "per L",
          "available": true
        }
      ]
    },
    {
      "id": 18730,
      "category": "Drinks",
      "category1": null,
      "category2": "Juice",
      "category3": "Orange Juice",
      "category4": null,
      "category1Url": null,
      "category2Url": null,
      "category3Url": null,
      "category4Url": null,
      "name": "Orange Juice",
      "brand": "Goulburn Valley",
      "brandAndName": "Goulburn Valley Orange Juice ",
      "volumeSize": "350ml",
      "imageFileName": "33381.jpg",
      "collected": null,
      "available": null,
      "disableFromView": null,
      "preferredSupplier": null,
      "disableFromListory": null,
      "url": "goulburn-valley-orange-juice-350-ml",
      "supplierProducts": [
        {
          "supplierProductId": 33381,
          "supplierCode": "WOOLIES",
          "supplierName": "Woolworths",
          "price": 2.99,
          "discount": 0,
          "percentDiscount": 0,
          "perGroupQuantity": 0,
          "perGroupPrice": 0,
          "weightDefinition": "ml",
          "cupPrice": 8.54,
          "cupDefinition": "per L",
          "cupWeight": 350,
          "cupString": "per L",
          "available": true
        }
      ]
    },
    {
      "id": 18731,
      "category": "Drinks",
      "category1": null,
      "category2": "Juice",
      "category3": "Orange Juice",
      "category4": null,
      "category1Url": null,
      "category2Url": null,
      "category3Url": null,
      "category4Url": null,
      "name": "25% Orange Fruit Drink Chilled",
      "brand": "Mildura",
      "brandAndName": "Mildura 25% Orange Fruit Drink Chilled ",
      "volumeSize": "3L",
      "imageFileName": "33497.jpg",
      "collected": null,
      "available": null,
      "disableFromView": null,
      "preferredSupplier": null,
      "disableFromListory": null,
      "url": "mildura-25-pct-orange-fruit-drink-chilled-3000-ml",
      "supplierProducts": [
        {
          "supplierProductId": 18731,
          "supplierCode": "COLES",
          "supplierName": "Coles",
          "price": 4,
          "discount": 0,
          "percentDiscount": 0,
          "perGroupQuantity": null,
          "perGroupPrice": null,
          "weightDefinition": "ml",
          "cupPrice": 1.33,
          "cupDefinition": "per L",
          "cupWeight": 3000,
          "cupString": "per L",
          "available": true
        },
        {
          "supplierProductId": 33497,
          "supplierCode": "WOOLIES",
          "supplierName": "Woolworths",
          "price": 3.99,
          "discount": 0,
          "percentDiscount": 0,
          "perGroupQuantity": 0,
          "perGroupPrice": 0,
          "weightDefinition": "ml",
          "cupPrice": 1.33,
          "cupDefinition": "per L",
          "cupWeight": 3000,
          "cupString": "per L",
          "available": true
        }
      ]
    },
    {
      "id": 18734,
      "category": "Drinks",
      "category1": null,
      "category2": "Juice",
      "category3": "Orange Juice",
      "category4": null,
      "category1Url": null,
      "category2Url": null,
      "category3Url": null,
      "category4Url": null,
      "name": "Orange Juice Pulp Free Chill",
      "brand": "The Daily Juice Company",
      "brandAndName": "The Daily Juice Company Orange Juice Pulp Free Chill ",
      "volumeSize": "3L",
      "imageFileName": "33474.jpg",
      "collected": null,
      "available": null,
      "disableFromView": null,
      "preferredSupplier": null,
      "disableFromListory": null,
      "url": "the-daily-juice-company-orange-juice-pulp-free-chill-3000-ml",
      "supplierProducts": [
        {
          "supplierProductId": 33474,
          "supplierCode": "WOOLIES",
          "supplierName": "Woolworths",
          "price": 7.5,
          "discount": 0,
          "percentDiscount": 0,
          "perGroupQuantity": null,
          "perGroupPrice": null,
          "weightDefinition": "ml",
          "cupPrice": 2.5,
          "cupDefinition": "per L",
          "cupWeight": 3000,
          "cupString": "per L",
          "available": true
        }
      ]
    },
    {
      "id": 18744,
      "category": "Drinks",
      "category1": null,
      "category2": "Juice",
      "category3": "Orange Juice",
      "category4": null,
      "category1Url": null,
      "category2Url": null,
      "category3Url": null,
      "category4Url": null,
      "name": "Organic Orange Juice Chilled",
      "brand": "Juicy Isle",
      "brandAndName": "Juicy Isle Organic Orange Juice Chilled ",
      "volumeSize": "1.5L",
      "imageFileName": "18744.jpg",
      "collected": null,
      "available": null,
      "disableFromView": null,
      "preferredSupplier": null,
      "disableFromListory": null,
      "url": "juicy-isle-organic-orange-juice-chilled-1500-ml",
      "supplierProducts": [
        {
          "supplierProductId": 33386,
          "supplierCode": "WOOLIES",
          "supplierName": "Woolworths",
          "price": 5.25,
          "discount": 0,
          "percentDiscount": 0,
          "perGroupQuantity": null,
          "perGroupPrice": null,
          "weightDefinition": "ml",
          "cupPrice": 3.5,
          "cupDefinition": "per L",
          "cupWeight": 1500,
          "cupString": "per L",
          "available": true
        }
      ]
    },
    {
      "id": 20732,
      "category": "Drinks",
      "category1": null,
      "category2": "Juice",
      "category3": "Orange Juice",
      "category4": null,
      "category1Url": null,
      "category2Url": null,
      "category3Url": null,
      "category4Url": null,
      "name": "Nothing But 100% Orange Juice Chilled",
      "brand": "Nudie",
      "brandAndName": "Nudie Nothing But 100% Orange Juice Chilled ",
      "volumeSize": "2L",
      "imageFileName": "33533.jpg",
      "collected": null,
      "available": null,
      "disableFromView": null,
      "preferredSupplier": null,
      "disableFromListory": null,
      "url": "nudie-nothing-but-100-pct-orange-juice-chilled-2000-ml",
      "supplierProducts": [
        {
          "supplierProductId": 20732,
          "supplierCode": "COLES",
          "supplierName": "Coles",
          "price": 6.45,
          "discount": 0,
          "percentDiscount": 0,
          "perGroupQuantity": null,
          "perGroupPrice": null,
          "weightDefinition": "ml",
          "cupPrice": 3.22,
          "cupDefinition": "per L",
          "cupWeight": 2000,
          "cupString": "per L",
          "available": true
        },
        {
          "supplierProductId": 33533,
          "supplierCode": "WOOLIES",
          "supplierName": "Woolworths",
          "price": 6.6,
          "discount": 0,
          "percentDiscount": 0,
          "perGroupQuantity": null,
          "perGroupPrice": null,
          "weightDefinition": "ml",
          "cupPrice": 3.3,
          "cupDefinition": "per L",
          "cupWeight": 2000,
          "cupString": "per L",
          "available": true
        }
      ]
    },
    {
      "id": 33394,
      "category": "Drinks",
      "category1": null,
      "category2": "Juice",
      "category3": "Orange Juice",
      "category4": null,
      "category1Url": null,
      "category2Url": null,
      "category3Url": null,
      "category4Url": null,
      "name": "Nothing But Orange Juice",
      "brand": "Nudie",
      "brandAndName": "Nudie Nothing But Orange Juice ",
      "volumeSize": "3L",
      "imageFileName": "33394.jpg",
      "collected": null,
      "available": null,
      "disableFromView": null,
      "preferredSupplier": null,
      "disableFromListory": null,
      "url": "nudie-nothing-but-orange-juice-3000-ml",
      "supplierProducts": [
        {
          "supplierProductId": 33394,
          "supplierCode": "WOOLIES",
          "supplierName": "Woolworths",
          "price": 8.5,
          "discount": 0,
          "percentDiscount": 0,
          "perGroupQuantity": null,
          "perGroupPrice": null,
          "weightDefinition": "ml",
          "cupPrice": 2.83,
          "cupDefinition": "per L",
          "cupWeight": 3000,
          "cupString": "per L",
          "available": true
        }
      ]
    },
    {
      "id": 33403,
      "category": "Drinks",
      "category1": null,
      "category2": "Juice",
      "category3": "Orange Juice",
      "category4": null,
      "category1Url": null,
      "category2Url": null,
      "category3Url": null,
      "category4Url": null,
      "name": "Juice Orange Nectar",
      "brand": "Woolworths",
      "brandAndName": "Woolworths Juice Orange Nectar ",
      "volumeSize": "250ml",
      "imageFileName": "33403.jpg",
      "collected": null,
      "available": null,
      "disableFromView": null,
      "preferredSupplier": null,
      "disableFromListory": null,
      "url": "woolworths-juice-orange-nectar-250-ml",
      "supplierProducts": [
        {
          "supplierProductId": 33403,
          "supplierCode": "WOOLIES",
          "supplierName": "Woolworths",
          "price": 5,
          "discount": 0,
          "percentDiscount": 0,
          "perGroupQuantity": 0,
          "perGroupPrice": 0,
          "weightDefinition": "ml",
          "cupPrice": 20,
          "cupDefinition": "per L",
          "cupWeight": 250,
          "cupString": "per L",
          "available": true
        }
      ]
    },
    {
      "id": 33493,
      "category": "Drinks",
      "category1": null,
      "category2": "Juice",
      "category3": "Orange Juice",
      "category4": null,
      "category1Url": null,
      "category2Url": null,
      "category3Url": null,
      "category4Url": null,
      "name": "Orange Concentrate",
      "brand": "Juice Country",
      "brandAndName": "Juice Country Orange Concentrate ",
      "volumeSize": "500ml",
      "imageFileName": "33493.jpg",
      "collected": null,
      "available": null,
      "disableFromView": null,
      "preferredSupplier": null,
      "disableFromListory": null,
      "url": "juice-country-orange-concentrate-500-ml",
      "supplierProducts": [
        {
          "supplierProductId": 33493,
          "supplierCode": "WOOLIES",
          "supplierName": "Woolworths",
          "price": 1.1,
          "discount": 0,
          "percentDiscount": 0,
          "perGroupQuantity": 0,
          "perGroupPrice": 0,
          "weightDefinition": "ml",
          "cupPrice": 2.2,
          "cupDefinition": "per L",
          "cupWeight": 500,
          "cupString": "per L",
          "available": true
        }
      ]
    }
  ],
  "isLastPage": false,
  "ageRestriction": null,
  "postcode": 411,
  "hasDOB": false,
  "underAge": false,
  "filters": [
    {
      "code": "BRAND",
      "metaDatas": [
        {
          "name": "Berri",
          "url": null,
          "count": 5,
          "id": null,
          "parentId": null,
          "level": null
        },
        {
          "name": "Charlie's",
          "url": null,
          "count": 2,
          "id": null,
          "parentId": null,
          "level": null
        },
        {
          "name": "Coles",
          "url": null,
          "count": 5,
          "id": null,
          "parentId": null,
          "level": null
        },
        {
          "name": "Coles Finest",
          "url": null,
          "count": 1,
          "id": null,
          "parentId": null,
          "level": null
        },
        {
          "name": "Coles Smart Buy",
          "url": null,
          "count": 1,
          "id": null,
          "parentId": null,
          "level": null
        },
        {
          "name": "Daily Juice",
          "url": null,
          "count": 3,
          "id": null,
          "parentId": null,
          "level": null
        },
        {
          "name": "Eastcoast Beverages",
          "url": null,
          "count": 3,
          "id": null,
          "parentId": null,
          "level": null
        },
        {
          "name": "Golden Circle",
          "url": null,
          "count": 2,
          "id": null,
          "parentId": null,
          "level": null
        },
        {
          "name": "Goulburn Valley",
          "url": null,
          "count": 1,
          "id": null,
          "parentId": null,
          "level": null
        },
        {
          "name": "Grove Juice",
          "url": null,
          "count": 1,
          "id": null,
          "parentId": null,
          "level": null
        },
        {
          "name": "Homebrand",
          "url": null,
          "count": 1,
          "id": null,
          "parentId": null,
          "level": null
        },
        {
          "name": "Juice Country",
          "url": null,
          "count": 1,
          "id": null,
          "parentId": null,
          "level": null
        },
        {
          "name": "Juicy Isle",
          "url": null,
          "count": 1,
          "id": null,
          "parentId": null,
          "level": null
        },
        {
          "name": "Just Juice",
          "url": null,
          "count": 2,
          "id": null,
          "parentId": null,
          "level": null
        },
        {
          "name": "Mildura",
          "url": null,
          "count": 1,
          "id": null,
          "parentId": null,
          "level": null
        },
        {
          "name": "Nippy's",
          "url": null,
          "count": 1,
          "id": null,
          "parentId": null,
          "level": null
        },
        {
          "name": "Nudie",
          "url": null,
          "count": 8,
          "id": null,
          "parentId": null,
          "level": null
        },
        {
          "name": "Original Black Label Juice Co.",
          "url": null,
          "count": 3,
          "id": null,
          "parentId": null,
          "level": null
        },
        {
          "name": "Pop Tops",
          "url": null,
          "count": 1,
          "id": null,
          "parentId": null,
          "level": null
        },
        {
          "name": "Sunraysia",
          "url": null,
          "count": 1,
          "id": null,
          "parentId": null,
          "level": null
        },
        {
          "name": "The Daily Juice Company",
          "url": null,
          "count": 2,
          "id": null,
          "parentId": null,
          "level": null
        },
        {
          "name": "Thirsty Brothers",
          "url": null,
          "count": 1,
          "id": null,
          "parentId": null,
          "level": null
        },
        {
          "name": "V8",
          "url": null,
          "count": 1,
          "id": null,
          "parentId": null,
          "level": null
        },
        {
          "name": "Woolworths",
          "url": null,
          "count": 1,
          "id": null,
          "parentId": null,
          "level": null
        },
        {
          "name": "Woolworths Select",
          "url": null,
          "count": 2,
          "id": null,
          "parentId": null,
          "level": null
        }
      ]
    },
    {
      "code": "CATEGORY1",
      "metaDatas": [
        {
          "name": "Drinks",
          "url": "drinks",
          "count": 51,
          "id": 40298,
          "parentId": null,
          "level": 1
        }
      ]
    },
    {
      "code": "CATEGORY2",
      "metaDatas": [
        {
          "name": "Juice",
          "url": "juice",
          "count": 51,
          "id": 40321,
          "parentId": 40298,
          "level": 2
        }
      ]
    },
    {
      "code": "CATEGORY3",
      "metaDatas": [
        {
          "name": "Orange Juice",
          "url": "orange-juice",
          "count": 51,
          "id": 40358,
          "parentId": 40321,
          "level": 2
        }
      ]
    },
    {
      "code": "VOLUMESIZE",
      "metaDatas": [
        {
          "name": "1000ml ",
          "url": null,
          "count": 6,
          "id": null,
          "parentId": null,
          "level": 0
        },
        {
          "name": "1250ml ",
          "url": null,
          "count": 1,
          "id": null,
          "parentId": null,
          "level": 0
        },
        {
          "name": "1500ml ",
          "url": null,
          "count": 3,
          "id": null,
          "parentId": null,
          "level": 0
        },
        {
          "name": "2000ml ",
          "url": null,
          "count": 19,
          "id": null,
          "parentId": null,
          "level": 0
        },
        {
          "name": "200ml ",
          "url": null,
          "count": 1,
          "id": null,
          "parentId": null,
          "level": 0
        },
        {
          "name": "200ml 6 pack",
          "url": null,
          "count": 2,
          "id": null,
          "parentId": null,
          "level": 0
        },
        {
          "name": "2400ml ",
          "url": null,
          "count": 1,
          "id": null,
          "parentId": null,
          "level": 0
        },
        {
          "name": "250ml ",
          "url": null,
          "count": 1,
          "id": null,
          "parentId": null,
          "level": 0
        },
        {
          "name": "250ml 6 pack",
          "url": null,
          "count": 3,
          "id": null,
          "parentId": null,
          "level": 0
        },
        {
          "name": "3000ml ",
          "url": null,
          "count": 7,
          "id": null,
          "parentId": null,
          "level": 0
        },
        {
          "name": "350ml ",
          "url": null,
          "count": 1,
          "id": null,
          "parentId": null,
          "level": 0
        },
        {
          "name": "400ml ",
          "url": null,
          "count": 1,
          "id": null,
          "parentId": null,
          "level": 0
        },
        {
          "name": "500ml ",
          "url": null,
          "count": 4,
          "id": null,
          "parentId": null,
          "level": 0
        },
        {
          "name": "600ml ",
          "url": null,
          "count": 1,
          "id": null,
          "parentId": null,
          "level": 0
        }
      ]
    }
  ]
}
