{
  "hits": 38,
  "items": [
    {
      "id": 7679,
      "category": "Drinks",
      "category1": null,
      "category2": "Coffee",
      "category3": "Coffee Instant",
      "category4": null,
      "category1Url": null,
      "category2Url": null,
      "category3Url": null,
      "category4Url": null,
      "name": "Blend 43 Instant Coffee",
      "brand": "Nescafe",
      "brandAndName": "Nescafe Blend 43 Instant Coffee ",
      "volumeSize": "220g",
      "imageFileName": "7679.jpg",
      "collected": null,
      "available": null,
      "disableFromView": null,
      "preferredSupplier": null,
      "disableFromListory": null,
      "url": "nescafe-blend-43-instant-coffee-1-each-220-g",
      "supplierProducts": [
        {
          "supplierProductId": 7679,
          "supplierCode": "COLES",
          "supplierName": "Coles",
          "price": 10,
          "discount": 0,
          "percentDiscount": 0,
          "perGroupQuantity": 0,
          "perGroupPrice": 0,
          "weightDefinition": "g",
          "cupPrice": 45.45,
          "cupDefinition": "per kg",
          "cupWeight": 220,
          "cupString": "per kg",
          "available": true
        }
      ]
    },
    {
      "id": 7680,
      "category": "Drinks",
      "category1": null,
      "category2": "Coffee",
      "category3": "Coffee Instant",
      "category4": null,
      "category1Url": null,
      "category2Url": null,
      "category3Url": null,
      "category4Url": null,
      "name": "Blend 43 Instant Coffee Granules",
      "brand": "Nescafe",
      "brandAndName": "Nescafe Blend 43 Instant Coffee Granules ",
      "volumeSize": "150g",
      "imageFileName": "33077.jpg",
      "collected": null,
      "available": null,
      "disableFromView": null,
      "preferredSupplier": null,
      "disableFromListory": null,
      "url": "nescafe-blend-43-instant-coffee-granules-150-g",
      "supplierProducts": [
        {
          "supplierProductId": 33077,
          "supplierCode": "WOOLIES",
          "supplierName": "Woolworths",
          "price": 9.4,
          "discount": 0,
          "percentDiscount": 0,
          "perGroupQuantity": null,
          "perGroupPrice": null,
          "weightDefinition": "g",
          "cupPrice": 62.67,
          "cupDefinition": "per kg",
          "cupWeight": 150,
          "cupString": "per kg",
          "available": true
        }
      ]
    },
    {
      "id": 7688,
      "category": "Drinks",
      "category1": null,
      "category2": "Coffee",
      "category3": "Coffee Instant",
      "category4": null,
      "category1Url": null,
      "category2Url": null,
      "category3Url": null,
      "category4Url": null,
      "name": "Gold Blend Original Roast Instant Coffee",
      "brand": "Nescafe",
      "brandAndName": "Nescafe Gold Blend Original Roast Instant Coffee ",
      "volumeSize": "100g",
      "imageFileName": "33090.jpg",
      "collected": null,
      "available": null,
      "disableFromView": null,
      "preferredSupplier": null,
      "disableFromListory": null,
      "url": "nescafe-gold-blend-original-roast-instant-coffee-100-g",
      "supplierProducts": [
        {
          "supplierProductId": 33090,
          "supplierCode": "WOOLIES",
          "supplierName": "Woolworths",
          "price": 9.5,
          "discount": 0,
          "percentDiscount": 0,
          "perGroupQuantity": null,
          "perGroupPrice": null,
          "weightDefinition": "g",
          "cupPrice": 95,
          "cupDefinition": "per kg",
          "cupWeight": 100,
          "cupString": "per kg",
          "available": true
        }
      ]
    },
    {
      "id": 7689,
      "category": "Drinks",
      "category1": null,
      "category2": "Coffee",
      "category3": "Coffee Instant",
      "category4": null,
      "category1Url": null,
      "category2Url": null,
      "category3Url": null,
      "category4Url": null,
      "name": "Gourmet Indulgence Instant Coffee",
      "brand": "Moccona",
      "brandAndName": "Moccona Gourmet Indulgence Instant Coffee ",
      "volumeSize": "150g",
      "imageFileName": "7689.jpg",
      "collected": null,
      "available": null,
      "disableFromView": null,
      "preferredSupplier": null,
      "disableFromListory": null,
      "url": "moccona-gourmet-indulgence-instant-coffee-150-g",
      "supplierProducts": [
        {
          "supplierProductId": 7689,
          "supplierCode": "COLES",
          "supplierName": "Coles",
          "price": 15.75,
          "discount": 0,
          "percentDiscount": 0,
          "perGroupQuantity": null,
          "perGroupPrice": null,
          "weightDefinition": "g",
          "cupPrice": 105,
          "cupDefinition": "per kg",
          "cupWeight": 150,
          "cupString": "per kg",
          "available": true
        }
      ]
    },
    {
      "id": 7691,
      "category": "Drinks",
      "category1": null,
      "category2": "Coffee",
      "category3": "Coffee Instant",
      "category4": null,
      "category1Url": null,
      "category2Url": null,
      "category3Url": null,
      "category4Url": null,
      "name": "Powder Instant Coffee",
      "brand": "International Roast",
      "brandAndName": "International Roast Powder Instant Coffee ",
      "volumeSize": "500g",
      "imageFileName": "33021.jpg",
      "collected": null,
      "available": null,
      "disableFromView": null,
      "preferredSupplier": null,
      "disableFromListory": null,
      "url": "international-roast-powder-instant-coffee-500-g",
      "supplierProducts": [
        {
          "supplierProductId": 33021,
          "supplierCode": "WOOLIES",
          "supplierName": "Woolworths",
          "price": 11,
          "discount": 0,
          "percentDiscount": 0,
          "perGroupQuantity": null,
          "perGroupPrice": null,
          "weightDefinition": "g",
          "cupPrice": 22,
          "cupDefinition": "per kg",
          "cupWeight": 500,
          "cupString": "per kg",
          "available": true
        },
        {
          "supplierProductId": 7691,
          "supplierCode": "COLES",
          "supplierName": "Coles",
          "price": 11,
          "discount": 0,
          "percentDiscount": 0,
          "perGroupQuantity": 0,
          "perGroupPrice": 0,
          "weightDefinition": "g",
          "cupPrice": 22,
          "cupDefinition": "per kg",
          "cupWeight": 500,
          "cupString": "per kg",
          "available": true
        }
      ]
    },
    {
      "id": 7692,
      "category": "Drinks",
      "category1": null,
      "category2": "Coffee",
      "category3": "Coffee Instant",
      "category4": null,
      "category1Url": null,
      "category2Url": null,
      "category3Url": null,
      "category4Url": null,
      "name": "Classic Medium Roast Instant Coffee",
      "brand": "Moccona",
      "brandAndName": "Moccona Classic Medium Roast Instant Coffee ",
      "volumeSize": "200g",
      "imageFileName": "33044.jpg",
      "collected": null,
      "available": null,
      "disableFromView": null,
      "preferredSupplier": null,
      "disableFromListory": null,
      "url": "moccona-classic-medium-roast-instant-coffee-200-g",
      "supplierProducts": [
        {
          "supplierProductId": 33044,
          "supplierCode": "WOOLIES",
          "supplierName": "Woolworths",
          "price": 18.39,
          "discount": 0,
          "percentDiscount": 0,
          "perGroupQuantity": null,
          "perGroupPrice": null,
          "weightDefinition": "g",
          "cupPrice": 91.95,
          "cupDefinition": "per kg",
          "cupWeight": 200,
          "cupString": "per kg",
          "available": true
        },
        {
          "supplierProductId": 7692,
          "supplierCode": "COLES",
          "supplierName": "Coles",
          "price": 20.2,
          "discount": 0,
          "percentDiscount": 0,
          "perGroupQuantity": null,
          "perGroupPrice": null,
          "weightDefinition": "g",
          "cupPrice": 101,
          "cupDefinition": "per kg",
          "cupWeight": 200,
          "cupString": "per kg",
          "available": true
        }
      ]
    },
    {
      "id": 7696,
      "category": "Drinks",
      "category1": null,
      "category2": "Coffee",
      "category3": "Coffee Instant",
      "category4": null,
      "category1Url": null,
      "category2Url": null,
      "category3Url": null,
      "category4Url": null,
      "name": "Organic Fairtrade Gold Freeze Dried Instant Coffee",
      "brand": "Coles",
      "brandAndName": "Coles Organic Fairtrade Gold Freeze Dried Instant Coffee ",
      "volumeSize": "100g",
      "imageFileName": "7696.jpg",
      "collected": null,
      "available": null,
      "disableFromView": null,
      "preferredSupplier": null,
      "disableFromListory": null,
      "url": "coles-organic-fairtrade-gold-freeze-dried-instant-coffee-100-g",
      "supplierProducts": [
        {
          "supplierProductId": 7696,
          "supplierCode": "COLES",
          "supplierName": "Coles",
          "price": 4,
          "discount": 0,
          "percentDiscount": 0,
          "perGroupQuantity": 0,
          "perGroupPrice": 0,
          "weightDefinition": "g",
          "cupPrice": 40,
          "cupDefinition": "per kg",
          "cupWeight": 100,
          "cupString": "per kg",
          "available": true
        }
      ]
    },
    {
      "id": 7700,
      "category": "Drinks",
      "category1": null,
      "category2": "Coffee",
      "category3": "Coffee Instant",
      "category4": null,
      "category1Url": null,
      "category2Url": null,
      "category3Url": null,
      "category4Url": null,
      "name": "Classic Instant Coffee",
      "brand": "Bushells",
      "brandAndName": "Bushells Classic Instant Coffee ",
      "volumeSize": "500g",
      "imageFileName": "7700.jpg",
      "collected": null,
      "available": null,
      "disableFromView": null,
      "preferredSupplier": null,
      "disableFromListory": null,
      "url": "bushells-classic-instant-coffee-500-g",
      "supplierProducts": [
        {
          "supplierProductId": 7700,
          "supplierCode": "COLES",
          "supplierName": "Coles",
          "price": 15.39,
          "discount": 0,
          "percentDiscount": 0,
          "perGroupQuantity": null,
          "perGroupPrice": null,
          "weightDefinition": "g",
          "cupPrice": 30.78,
          "cupDefinition": "per kg",
          "cupWeight": 500,
          "cupString": "per kg",
          "available": true
        }
      ]
    },
    {
      "id": 7702,
      "category": "Drinks",
      "category1": null,
      "category2": "Coffee",
      "category3": "Coffee Instant",
      "category4": null,
      "category1Url": null,
      "category2Url": null,
      "category3Url": null,
      "category4Url": null,
      "name": "Classic Dark Roast Instant Coffee",
      "brand": "Moccona",
      "brandAndName": "Moccona Classic Dark Roast Instant Coffee ",
      "volumeSize": "400g",
      "imageFileName": "33039.jpg",
      "collected": null,
      "available": null,
      "disableFromView": null,
      "preferredSupplier": null,
      "disableFromListory": null,
      "url": "moccona-classic-dark-roast-instant-coffee-400-g",
      "supplierProducts": [
        {
          "supplierProductId": 33039,
          "supplierCode": "WOOLIES",
          "supplierName": "Woolworths",
          "price": 24,
          "discount": 0,
          "percentDiscount": 0,
          "perGroupQuantity": null,
          "perGroupPrice": null,
          "weightDefinition": "g",
          "cupPrice": 60,
          "cupDefinition": "per kg",
          "cupWeight": 400,
          "cupString": "per kg",
          "available": true
        },
        {
          "supplierProductId": 7702,
          "supplierCode": "COLES",
          "supplierName": "Coles",
          "price": 26.4,
          "discount": 0,
          "percentDiscount": 0,
          "perGroupQuantity": null,
          "perGroupPrice": null,
          "weightDefinition": "g",
          "cupPrice": 66,
          "cupDefinition": "per kg",
          "cupWeight": 400,
          "cupString": "per kg",
          "available": true
        }
      ]
    },
    {
      "id": 7703,
      "category": "Drinks",
      "category1": null,
      "category2": "Coffee",
      "category3": "Coffee Instant",
      "category4": null,
      "category1Url": null,
      "category2Url": null,
      "category3Url": null,
      "category4Url": null,
      "name": "Classic Medium Roast Instant Coffee",
      "brand": "Moccona",
      "brandAndName": "Moccona Classic Medium Roast Instant Coffee ",
      "volumeSize": "50g",
      "imageFileName": "33042.jpg",
      "collected": null,
      "available": null,
      "disableFromView": null,
      "preferredSupplier": null,
      "disableFromListory": null,
      "url": "moccona-classic-medium-roast-instant-coffee-50-g",
      "supplierProducts": [
        {
          "supplierProductId": 33042,
          "supplierCode": "WOOLIES",
          "supplierName": "Woolworths",
          "price": 6,
          "discount": 0,
          "percentDiscount": 0,
          "perGroupQuantity": null,
          "perGroupPrice": null,
          "weightDefinition": "g",
          "cupPrice": 120,
          "cupDefinition": "per kg",
          "cupWeight": 50,
          "cupString": "per kg",
          "available": true
        },
        {
          "supplierProductId": 7703,
          "supplierCode": "COLES",
          "supplierName": "Coles",
          "price": 6.6,
          "discount": 0,
          "percentDiscount": 0,
          "perGroupQuantity": null,
          "perGroupPrice": null,
          "weightDefinition": "g",
          "cupPrice": 132,
          "cupDefinition": "per kg",
          "cupWeight": 50,
          "cupString": "per kg",
          "available": true
        }
      ]
    },
    {
      "id": 7706,
      "category": "Drinks",
      "category1": null,
      "category2": "Coffee",
      "category3": "Coffee Instant",
      "category4": null,
      "category1Url": null,
      "category2Url": null,
      "category3Url": null,
      "category4Url": null,
      "name": "Granulated Instant Coffee",
      "brand": "Coles Smart Buy",
      "brandAndName": "Coles Smart Buy Granulated Instant Coffee ",
      "volumeSize": "200g",
      "imageFileName": "7706.jpg",
      "collected": null,
      "available": null,
      "disableFromView": null,
      "preferredSupplier": null,
      "disableFromListory": null,
      "url": "coles-smart-buy-granulated-instant-coffee-200-g",
      "supplierProducts": [
        {
          "supplierProductId": 7706,
          "supplierCode": "COLES",
          "supplierName": "Coles",
          "price": 4,
          "discount": 0,
          "percentDiscount": 0,
          "perGroupQuantity": 0,
          "perGroupPrice": 0,
          "weightDefinition": "g",
          "cupPrice": 20,
          "cupDefinition": "per kg",
          "cupWeight": 200,
          "cupString": "per kg",
          "available": true
        }
      ]
    },
    {
      "id": 7707,
      "category": "Drinks",
      "category1": null,
      "category2": "Coffee",
      "category3": "Coffee Instant",
      "category4": null,
      "category1Url": null,
      "category2Url": null,
      "category3Url": null,
      "category4Url": null,
      "name": "Instant Coffee Powder",
      "brand": "Coles Smart Buy",
      "brandAndName": "Coles Smart Buy Instant Coffee Powder ",
      "volumeSize": "200g",
      "imageFileName": "7707.jpg",
      "collected": null,
      "available": null,
      "disableFromView": null,
      "preferredSupplier": null,
      "disableFromListory": null,
      "url": "coles-smart-buy-instant-coffee-powder-200-g",
      "supplierProducts": [
        {
          "supplierProductId": 7707,
          "supplierCode": "COLES",
          "supplierName": "Coles",
          "price": 2.9,
          "discount": 0,
          "percentDiscount": 0,
          "perGroupQuantity": 0,
          "perGroupPrice": 0,
          "weightDefinition": "g",
          "cupPrice": 14.5,
          "cupDefinition": "per kg",
          "cupWeight": 200,
          "cupString": "per kg",
          "available": true
        }
      ]
    },
    {
      "id": 7708,
      "category": "Drinks",
      "category1": null,
      "category2": "Coffee",
      "category3": "Coffee Instant",
      "category4": null,
      "category1Url": null,
      "category2Url": null,
      "category3Url": null,
      "category4Url": null,
      "name": "Swiss Style Instant Coffee",
      "brand": "Jarrah",
      "brandAndName": "Jarrah Swiss Style Instant Coffee ",
      "volumeSize": "250g",
      "imageFileName": "33024.jpg",
      "collected": null,
      "available": null,
      "disableFromView": null,
      "preferredSupplier": null,
      "disableFromListory": null,
      "url": "jarrah-swiss-style-instant-coffee-250-g",
      "supplierProducts": [
        {
          "supplierProductId": 7708,
          "supplierCode": "COLES",
          "supplierName": "Coles",
          "price": 6.6,
          "discount": 0,
          "percentDiscount": 0,
          "perGroupQuantity": null,
          "perGroupPrice": null,
          "weightDefinition": "g",
          "cupPrice": 26.4,
          "cupDefinition": "per kg",
          "cupWeight": 250,
          "cupString": "per kg",
          "available": true
        }
      ]
    },
    {
      "id": 7709,
      "category": "Drinks",
      "category1": null,
      "category2": "Coffee",
      "category3": "Coffee Instant",
      "category4": null,
      "category1Url": null,
      "category2Url": null,
      "category3Url": null,
      "category4Url": null,
      "name": "Gourmet Exotic Instant Coffee",
      "brand": "Moccona",
      "brandAndName": "Moccona Gourmet Exotic Instant Coffee ",
      "volumeSize": "150g",
      "imageFileName": "7709.jpg",
      "collected": null,
      "available": null,
      "disableFromView": null,
      "preferredSupplier": null,
      "disableFromListory": null,
      "url": "moccona-gourmet-exotic-instant-coffee-150-g",
      "supplierProducts": [
        {
          "supplierProductId": 7709,
          "supplierCode": "COLES",
          "supplierName": "Coles",
          "price": 15.75,
          "discount": 0,
          "percentDiscount": 0,
          "perGroupQuantity": null,
          "perGroupPrice": null,
          "weightDefinition": "g",
          "cupPrice": 105,
          "cupDefinition": "per kg",
          "cupWeight": 150,
          "cupString": "per kg",
          "available": true
        }
      ]
    },
    {
      "id": 7710,
      "category": "Drinks",
      "category1": null,
      "category2": "Coffee",
      "category3": "Coffee Instant Decaffeinated",
      "category4": null,
      "category1Url": null,
      "category2Url": null,
      "category3Url": null,
      "category4Url": null,
      "name": "Blend 43 Decaffeinated Instant Coffee",
      "brand": "Nescafe",
      "brandAndName": "Nescafe Blend 43 Decaffeinated Instant Coffee ",
      "volumeSize": "250g",
      "imageFileName": "33081.jpg",
      "collected": null,
      "available": null,
      "disableFromView": null,
      "preferredSupplier": null,
      "disableFromListory": null,
      "url": "nescafe-blend-43-decaffeinated-instant-coffee-250-g",
      "supplierProducts": [
        {
          "supplierProductId": 7710,
          "supplierCode": "COLES",
          "supplierName": "Coles",
          "price": 18.25,
          "discount": 0,
          "percentDiscount": 0,
          "perGroupQuantity": null,
          "perGroupPrice": null,
          "weightDefinition": "g",
          "cupPrice": 73,
          "cupDefinition": "per kg",
          "cupWeight": 250,
          "cupString": "per kg",
          "available": true
        },
        {
          "supplierProductId": 33081,
          "supplierCode": "WOOLIES",
          "supplierName": "Woolworths",
          "price": 18,
          "discount": 0,
          "percentDiscount": 0,
          "perGroupQuantity": 0,
          "perGroupPrice": 0,
          "weightDefinition": "g",
          "cupPrice": 72,
          "cupDefinition": "per kg",
          "cupWeight": 250,
          "cupString": "per kg",
          "available": true
        }
      ]
    },
    {
      "id": 7713,
      "category": "Drinks",
      "category1": null,
      "category2": "Coffee",
      "category3": "Coffee Instant",
      "category4": null,
      "category1Url": null,
      "category2Url": null,
      "category3Url": null,
      "category4Url": null,
      "name": "Blend 43 Instant Coffee Granules",
      "brand": "Nescafe",
      "brandAndName": "Nescafe Blend 43 Instant Coffee Granules ",
      "volumeSize": "50g",
      "imageFileName": "33076.jpg",
      "collected": null,
      "available": null,
      "disableFromView": null,
      "preferredSupplier": null,
      "disableFromListory": null,
      "url": "nescafe-blend-43-instant-coffee-granules-50-g",
      "supplierProducts": [
        {
          "supplierProductId": 7713,
          "supplierCode": "COLES",
          "supplierName": "Coles",
          "price": 5,
          "discount": 0,
          "percentDiscount": 0,
          "perGroupQuantity": 0,
          "perGroupPrice": 0,
          "weightDefinition": "g",
          "cupPrice": 100,
          "cupDefinition": "per kg",
          "cupWeight": 50,
          "cupString": "per kg",
          "available": true
        },
        {
          "supplierProductId": 33076,
          "supplierCode": "WOOLIES",
          "supplierName": "Woolworths",
          "price": 5,
          "discount": 0,
          "percentDiscount": 0,
          "perGroupQuantity": 0,
          "perGroupPrice": 0,
          "weightDefinition": "g",
          "cupPrice": 100,
          "cupDefinition": "per kg",
          "cupWeight": 50,
          "cupString": "per kg",
          "available": true
        }
      ]
    },
    {
      "id": 7714,
      "category": "Drinks",
      "category1": null,
      "category2": "Coffee",
      "category3": "Coffee Instant",
      "category4": null,
      "category1Url": null,
      "category2Url": null,
      "category3Url": null,
      "category4Url": null,
      "name": "Granulated Premium Full Bodied Instant Coffee",
      "brand": "Robert Timms",
      "brandAndName": "Robert Timms Granulated Premium Full Bodied Instant Coffee ",
      "volumeSize": "200g",
      "imageFileName": "33107.jpg",
      "collected": null,
      "available": null,
      "disableFromView": null,
      "preferredSupplier": null,
      "disableFromListory": null,
      "url": "robert-timms-granulated-premium-full-bodied-instant-coffee-200-g",
      "supplierProducts": [
        {
          "supplierProductId": 7714,
          "supplierCode": "COLES",
          "supplierName": "Coles",
          "price": 8,
          "discount": 0,
          "percentDiscount": 0,
          "perGroupQuantity": 0,
          "perGroupPrice": 0,
          "weightDefinition": "g",
          "cupPrice": 40,
          "cupDefinition": "per kg",
          "cupWeight": 200,
          "cupString": "per kg",
          "available": true
        },
        {
          "supplierProductId": 33107,
          "supplierCode": "WOOLIES",
          "supplierName": "Woolworths",
          "price": 8,
          "discount": 0,
          "percentDiscount": 0,
          "perGroupQuantity": null,
          "perGroupPrice": null,
          "weightDefinition": "g",
          "cupPrice": 40,
          "cupDefinition": "per kg",
          "cupWeight": 200,
          "cupString": "per kg",
          "available": true
        }
      ]
    },
    {
      "id": 7717,
      "category": "Drinks",
      "category1": null,
      "category2": "Coffee",
      "category3": "Coffee Instant",
      "category4": null,
      "category1Url": null,
      "category2Url": null,
      "category3Url": null,
      "category4Url": null,
      "name": "Vienna Style Cinnamon Instant Coffee",
      "brand": "Jarrah",
      "brandAndName": "Jarrah Vienna Style Cinnamon Instant Coffee ",
      "volumeSize": "250g",
      "imageFileName": "33025.jpg",
      "collected": null,
      "available": null,
      "disableFromView": null,
      "preferredSupplier": null,
      "disableFromListory": null,
      "url": "jarrah-vienna-style-cinnamon-instant-coffee-250-g",
      "supplierProducts": [
        {
          "supplierProductId": 7717,
          "supplierCode": "COLES",
          "supplierName": "Coles",
          "price": 6.6,
          "discount": 0,
          "percentDiscount": 0,
          "perGroupQuantity": null,
          "perGroupPrice": null,
          "weightDefinition": "g",
          "cupPrice": 26.4,
          "cupDefinition": "per kg",
          "cupWeight": 250,
          "cupString": "per kg",
          "available": true
        },
        {
          "supplierProductId": 33025,
          "supplierCode": "WOOLIES",
          "supplierName": "Woolworths",
          "price": 6,
          "discount": 0,
          "percentDiscount": 0,
          "perGroupQuantity": null,
          "perGroupPrice": null,
          "weightDefinition": "g",
          "cupPrice": 24,
          "cupDefinition": "per kg",
          "cupWeight": 250,
          "cupString": "per kg",
          "available": true
        }
      ]
    },
    {
      "id": 7718,
      "category": "Drinks",
      "category1": null,
      "category2": "Coffee",
      "category3": "Coffee Instant",
      "category4": null,
      "category1Url": null,
      "category2Url": null,
      "category3Url": null,
      "category4Url": null,
      "name": "Brazil Style Instant Coffee",
      "brand": "Jarrah",
      "brandAndName": "Jarrah Brazil Style Instant Coffee ",
      "volumeSize": "250g",
      "imageFileName": "33022.jpg",
      "collected": null,
      "available": null,
      "disableFromView": null,
      "preferredSupplier": null,
      "disableFromListory": null,
      "url": "jarrah-brazil-style-instant-coffee-250-g",
      "supplierProducts": [
        {
          "supplierProductId": 7718,
          "supplierCode": "COLES",
          "supplierName": "Coles",
          "price": 6.6,
          "discount": 0,
          "percentDiscount": 0,
          "perGroupQuantity": null,
          "perGroupPrice": null,
          "weightDefinition": "g",
          "cupPrice": 26.4,
          "cupDefinition": "per kg",
          "cupWeight": 250,
          "cupString": "per kg",
          "available": true
        },
        {
          "supplierProductId": 33022,
          "supplierCode": "WOOLIES",
          "supplierName": "Woolworths",
          "price": 6,
          "discount": 0,
          "percentDiscount": 0,
          "perGroupQuantity": null,
          "perGroupPrice": null,
          "weightDefinition": "g",
          "cupPrice": 24,
          "cupDefinition": "per kg",
          "cupWeight": 250,
          "cupString": "per kg",
          "available": true
        }
      ]
    },
    {
      "id": 7720,
      "category": "Drinks",
      "category1": null,
      "category2": "Coffee",
      "category3": "Coffee Instant",
      "category4": null,
      "category1Url": null,
      "category2Url": null,
      "category3Url": null,
      "category4Url": null,
      "name": "Gourmet Rich Instant Coffee",
      "brand": "Moccona",
      "brandAndName": "Moccona Gourmet Rich Instant Coffee ",
      "volumeSize": "150g",
      "imageFileName": "7720.jpg",
      "collected": null,
      "available": null,
      "disableFromView": null,
      "preferredSupplier": null,
      "disableFromListory": null,
      "url": "moccona-gourmet-rich-instant-coffee-150-g",
      "supplierProducts": [
        {
          "supplierProductId": 7720,
          "supplierCode": "COLES",
          "supplierName": "Coles",
          "price": 15.75,
          "discount": 0,
          "percentDiscount": 0,
          "perGroupQuantity": null,
          "perGroupPrice": null,
          "weightDefinition": "g",
          "cupPrice": 105,
          "cupDefinition": "per kg",
          "cupWeight": 150,
          "cupString": "per kg",
          "available": true
        }
      ]
    },
    {
      "id": 7721,
      "category": "Drinks",
      "category1": null,
      "category2": "Coffee",
      "category3": "Coffee Instant",
      "category4": null,
      "category1Url": null,
      "category2Url": null,
      "category3Url": null,
      "category4Url": null,
      "name": "Classic Dark Roast Instant Coffee",
      "brand": "Moccona",
      "brandAndName": "Moccona Classic Dark Roast Instant Coffee ",
      "volumeSize": "100g",
      "imageFileName": "33037.jpg",
      "collected": null,
      "available": null,
      "disableFromView": null,
      "preferredSupplier": null,
      "disableFromListory": null,
      "url": "moccona-classic-dark-roast-instant-coffee-100-g",
      "supplierProducts": [
        {
          "supplierProductId": 33037,
          "supplierCode": "WOOLIES",
          "supplierName": "Woolworths",
          "price": 10,
          "discount": 0,
          "percentDiscount": 0,
          "perGroupQuantity": null,
          "perGroupPrice": null,
          "weightDefinition": "g",
          "cupPrice": 100,
          "cupDefinition": "per kg",
          "cupWeight": 100,
          "cupString": "per kg",
          "available": true
        }
      ]
    },
    {
      "id": 7722,
      "category": "Drinks",
      "category1": null,
      "category2": "Coffee",
      "category3": "Coffee Instant Decaffeinated",
      "category4": null,
      "category1Url": null,
      "category2Url": null,
      "category3Url": null,
      "category4Url": null,
      "name": "Classic Decaffinated Instant Coffee",
      "brand": "Moccona",
      "brandAndName": "Moccona Classic Decaffinated Instant Coffee ",
      "volumeSize": "100g",
      "imageFileName": "33040.jpg",
      "collected": null,
      "available": null,
      "disableFromView": null,
      "preferredSupplier": null,
      "disableFromListory": null,
      "url": "moccona-classic-decaffinated-instant-coffee-100-g",
      "supplierProducts": [
        {
          "supplierProductId": 33040,
          "supplierCode": "WOOLIES",
          "supplierName": "Woolworths",
          "price": 12.5,
          "discount": 0,
          "percentDiscount": 0,
          "perGroupQuantity": null,
          "perGroupPrice": null,
          "weightDefinition": "g",
          "cupPrice": 125,
          "cupDefinition": "per kg",
          "cupWeight": 100,
          "cupString": "per kg",
          "available": true
        }
      ]
    },
    {
      "id": 7725,
      "category": "Drinks",
      "category1": null,
      "category2": "Coffee",
      "category3": "Coffee Instant",
      "category4": null,
      "category1Url": null,
      "category2Url": null,
      "category3Url": null,
      "category4Url": null,
      "name": "Freeze Dried Espresso Instant Coffee Granules",
      "brand": "Moccona",
      "brandAndName": "Moccona Freeze Dried Espresso Instant Coffee Granules ",
      "volumeSize": "400g",
      "imageFileName": "33047.jpg",
      "collected": null,
      "available": null,
      "disableFromView": null,
      "preferredSupplier": null,
      "disableFromListory": null,
      "url": "moccona-freeze-dried-espresso-instant-coffee-granules-400-g",
      "supplierProducts": [
        {
          "supplierProductId": 7725,
          "supplierCode": "COLES",
          "supplierName": "Coles",
          "price": 26.4,
          "discount": 0,
          "percentDiscount": 0,
          "perGroupQuantity": null,
          "perGroupPrice": null,
          "weightDefinition": "g",
          "cupPrice": 66,
          "cupDefinition": "per kg",
          "cupWeight": 400,
          "cupString": "per kg",
          "available": true
        },
        {
          "supplierProductId": 33047,
          "supplierCode": "WOOLIES",
          "supplierName": "Woolworths",
          "price": 24,
          "discount": 0,
          "percentDiscount": 0,
          "perGroupQuantity": null,
          "perGroupPrice": null,
          "weightDefinition": "g",
          "cupPrice": 60,
          "cupDefinition": "per kg",
          "cupWeight": 400,
          "cupString": "per kg",
          "available": true
        }
      ]
    },
    {
      "id": 7729,
      "category": "Drinks",
      "category1": null,
      "category2": "Coffee",
      "category3": "Coffee Instant",
      "category4": null,
      "category1Url": null,
      "category2Url": null,
      "category3Url": null,
      "category4Url": null,
      "name": "Espresso Instant Coffee",
      "brand": "Nescafe",
      "brandAndName": "Nescafe Espresso Instant Coffee ",
      "volumeSize": "150g",
      "imageFileName": "33082.jpg",
      "collected": null,
      "available": null,
      "disableFromView": null,
      "preferredSupplier": null,
      "disableFromListory": null,
      "url": "nescafe-espresso-instant-coffee-150-g",
      "supplierProducts": [
        {
          "supplierProductId": 33082,
          "supplierCode": "WOOLIES",
          "supplierName": "Woolworths",
          "price": 9.4,
          "discount": 0,
          "percentDiscount": 0,
          "perGroupQuantity": null,
          "perGroupPrice": null,
          "weightDefinition": "g",
          "cupPrice": 62.67,
          "cupDefinition": "per kg",
          "cupWeight": 150,
          "cupString": "per kg",
          "available": true
        }
      ]
    },
    {
      "id": 7730,
      "category": "Drinks",
      "category1": null,
      "category2": "Coffee",
      "category3": "Coffee Instant",
      "category4": null,
      "category1Url": null,
      "category2Url": null,
      "category3Url": null,
      "category4Url": null,
      "name": "Green Blend Instant Coffee",
      "brand": "Nescafe",
      "brandAndName": "Nescafe Green Blend Instant Coffee ",
      "volumeSize": "100g",
      "imageFileName": "33099.jpg",
      "collected": null,
      "available": null,
      "disableFromView": null,
      "preferredSupplier": null,
      "disableFromListory": null,
      "url": "nescafe-green-blend-instant-coffee-100-g",
      "supplierProducts": [
        {
          "supplierProductId": 7730,
          "supplierCode": "COLES",
          "supplierName": "Coles",
          "price": 11.77,
          "discount": 0,
          "percentDiscount": 0,
          "perGroupQuantity": null,
          "perGroupPrice": null,
          "weightDefinition": "g",
          "cupPrice": 117.7,
          "cupDefinition": "per kg",
          "cupWeight": 100,
          "cupString": "per kg",
          "available": true
        },
        {
          "supplierProductId": 33099,
          "supplierCode": "WOOLIES",
          "supplierName": "Woolworths",
          "price": 10.7,
          "discount": 0,
          "percentDiscount": 0,
          "perGroupQuantity": null,
          "perGroupPrice": null,
          "weightDefinition": "g",
          "cupPrice": 107,
          "cupDefinition": "per kg",
          "cupWeight": 100,
          "cupString": "per kg",
          "available": true
        }
      ]
    },
    {
      "id": 7744,
      "category": "Drinks",
      "category1": null,
      "category2": "Coffee",
      "category3": "Coffee Instant",
      "category4": null,
      "category1Url": null,
      "category2Url": null,
      "category3Url": null,
      "category4Url": null,
      "name": "French Style Instant Coffee",
      "brand": "Jarrah",
      "brandAndName": "Jarrah French Style Instant Coffee ",
      "volumeSize": "250g",
      "imageFileName": "33023.jpg",
      "collected": null,
      "available": null,
      "disableFromView": null,
      "preferredSupplier": null,
      "disableFromListory": null,
      "url": "jarrah-french-style-instant-coffee-250-g",
      "supplierProducts": [
        {
          "supplierProductId": 7744,
          "supplierCode": "COLES",
          "supplierName": "Coles",
          "price": 6.6,
          "discount": 0,
          "percentDiscount": 0,
          "perGroupQuantity": null,
          "perGroupPrice": null,
          "weightDefinition": "g",
          "cupPrice": 26.4,
          "cupDefinition": "per kg",
          "cupWeight": 250,
          "cupString": "per kg",
          "available": true
        },
        {
          "supplierProductId": 33023,
          "supplierCode": "WOOLIES",
          "supplierName": "Woolworths",
          "price": 6,
          "discount": 0,
          "percentDiscount": 0,
          "perGroupQuantity": null,
          "perGroupPrice": null,
          "weightDefinition": "g",
          "cupPrice": 24,
          "cupDefinition": "per kg",
          "cupWeight": 250,
          "cupString": "per kg",
          "available": true
        }
      ]
    },
    {
      "id": 7746,
      "category": "Drinks",
      "category1": null,
      "category2": "Coffee",
      "category3": "Coffee Instant",
      "category4": null,
      "category1Url": null,
      "category2Url": null,
      "category3Url": null,
      "category4Url": null,
      "name": "Classic Dark Roast Instant Coffee",
      "brand": "Moccona",
      "brandAndName": "Moccona Classic Dark Roast Instant Coffee ",
      "volumeSize": "200g",
      "imageFileName": "33038.jpg",
      "collected": null,
      "available": null,
      "disableFromView": null,
      "preferredSupplier": null,
      "disableFromListory": null,
      "url": "moccona-classic-dark-roast-instant-coffee-200-g",
      "supplierProducts": [
        {
          "supplierProductId": 33038,
          "supplierCode": "WOOLIES",
          "supplierName": "Woolworths",
          "price": 18.39,
          "discount": 0,
          "percentDiscount": 0,
          "perGroupQuantity": null,
          "perGroupPrice": null,
          "weightDefinition": "g",
          "cupPrice": 91.95,
          "cupDefinition": "per kg",
          "cupWeight": 200,
          "cupString": "per kg",
          "available": true
        },
        {
          "supplierProductId": 7746,
          "supplierCode": "COLES",
          "supplierName": "Coles",
          "price": 20.2,
          "discount": 0,
          "percentDiscount": 0,
          "perGroupQuantity": null,
          "perGroupPrice": null,
          "weightDefinition": "g",
          "cupPrice": 101,
          "cupDefinition": "per kg",
          "cupWeight": 200,
          "cupString": "per kg",
          "available": true
        }
      ]
    },
    {
      "id": 7747,
      "category": "Drinks",
      "category1": null,
      "category2": "Coffee",
      "category3": "Coffee Instant",
      "category4": null,
      "category1Url": null,
      "category2Url": null,
      "category3Url": null,
      "category4Url": null,
      "name": "Classic Medium Roast Instant Coffee",
      "brand": "Moccona",
      "brandAndName": "Moccona Classic Medium Roast Instant Coffee ",
      "volumeSize": "100g",
      "imageFileName": "33043.jpg",
      "collected": null,
      "available": null,
      "disableFromView": null,
      "preferredSupplier": null,
      "disableFromListory": null,
      "url": "moccona-classic-medium-roast-instant-coffee-100-g",
      "supplierProducts": [
        {
          "supplierProductId": 33043,
          "supplierCode": "WOOLIES",
          "supplierName": "Woolworths",
          "price": 10,
          "discount": 0,
          "percentDiscount": 0,
          "perGroupQuantity": null,
          "perGroupPrice": null,
          "weightDefinition": "g",
          "cupPrice": 100,
          "cupDefinition": "per kg",
          "cupWeight": 100,
          "cupString": "per kg",
          "available": true
        }
      ]
    },
    {
      "id": 7756,
      "category": "Drinks",
      "category1": null,
      "category2": "Coffee",
      "category3": "Coffee Instant",
      "category4": null,
      "category1Url": null,
      "category2Url": null,
      "category3Url": null,
      "category4Url": null,
      "name": "Freeze Dried Instant Coffee",
      "brand": "Robert Timms",
      "brandAndName": "Robert Timms Freeze Dried Instant Coffee ",
      "volumeSize": "100g",
      "imageFileName": "7756.jpg",
      "collected": null,
      "available": null,
      "disableFromView": null,
      "preferredSupplier": null,
      "disableFromListory": null,
      "url": "robert-timms-freeze-dried-instant-coffee-100-g",
      "supplierProducts": [
        {
          "supplierProductId": 7756,
          "supplierCode": "COLES",
          "supplierName": "Coles",
          "price": 8.53,
          "discount": 0,
          "percentDiscount": 0,
          "perGroupQuantity": null,
          "perGroupPrice": null,
          "weightDefinition": "g",
          "cupPrice": 85.3,
          "cupDefinition": "per kg",
          "cupWeight": 100,
          "cupString": "per kg",
          "available": true
        }
      ]
    },
    {
      "id": 7759,
      "category": "Drinks",
      "category1": null,
      "category2": "Coffee",
      "category3": "Coffee Instant",
      "category4": null,
      "category1Url": null,
      "category2Url": null,
      "category3Url": null,
      "category4Url": null,
      "name": "Powder Instant Coffee",
      "brand": "International Roast",
      "brandAndName": "International Roast Powder Instant Coffee ",
      "volumeSize": "100g",
      "imageFileName": "7759.jpg",
      "collected": null,
      "available": null,
      "disableFromView": null,
      "preferredSupplier": null,
      "disableFromListory": null,
      "url": "international-roast-powder-instant-coffee-100-g",
      "supplierProducts": [
        {
          "supplierProductId": 7759,
          "supplierCode": "COLES",
          "supplierName": "Coles",
          "price": 4.26,
          "discount": 0,
          "percentDiscount": 0,
          "perGroupQuantity": 0,
          "perGroupPrice": 0,
          "weightDefinition": "g",
          "cupPrice": 42.6,
          "cupDefinition": "per kg",
          "cupWeight": 100,
          "cupString": "per kg",
          "available": true
        }
      ]
    },
    {
      "id": 7760,
      "category": "Drinks",
      "category1": null,
      "category2": "Coffee",
      "category3": "Coffee Sachet",
      "category4": null,
      "category1Url": null,
      "category2Url": null,
      "category3Url": null,
      "category4Url": null,
      "name": "Latte Style White Chocolate Mocha Instant Coffee",
      "brand": "Jarrah",
      "brandAndName": "Jarrah Latte Style White Chocolate Mocha Instant Coffee ",
      "volumeSize": "10 pack",
      "imageFileName": "32824.jpg",
      "collected": null,
      "available": null,
      "disableFromView": null,
      "preferredSupplier": null,
      "disableFromListory": null,
      "url": "jarrah-latte-style-white-chocolate-mocha-instant-coffee-10-pack-180-g",
      "supplierProducts": [
        {
          "supplierProductId": 32824,
          "supplierCode": "WOOLIES",
          "supplierName": "Woolworths",
          "price": 5.3,
          "discount": 0,
          "percentDiscount": 0,
          "perGroupQuantity": null,
          "perGroupPrice": null,
          "weightDefinition": null,
          "cupPrice": 0.53,
          "cupDefinition": "pack",
          "cupWeight": 10,
          "cupString": "pack",
          "available": true
        }
      ]
    },
    {
      "id": 7761,
      "category": "Drinks",
      "category1": null,
      "category2": "Coffee",
      "category3": "Coffee Instant",
      "category4": null,
      "category1Url": null,
      "category2Url": null,
      "category3Url": null,
      "category4Url": null,
      "name": "Mocha Kenya Style Instant Coffee",
      "brand": "Moccona",
      "brandAndName": "Moccona Mocha Kenya Style Instant Coffee ",
      "volumeSize": "200g",
      "imageFileName": "33056.jpg",
      "collected": null,
      "available": null,
      "disableFromView": null,
      "preferredSupplier": null,
      "disableFromListory": null,
      "url": "moccona-mocha-kenya-style-instant-coffee-200-g",
      "supplierProducts": [
        {
          "supplierProductId": 7761,
          "supplierCode": "COLES",
          "supplierName": "Coles",
          "price": 20.2,
          "discount": 0,
          "percentDiscount": 0,
          "perGroupQuantity": null,
          "perGroupPrice": null,
          "weightDefinition": "g",
          "cupPrice": 101,
          "cupDefinition": "per kg",
          "cupWeight": 200,
          "cupString": "per kg",
          "available": true
        },
        {
          "supplierProductId": 33056,
          "supplierCode": "WOOLIES",
          "supplierName": "Woolworths",
          "price": 18.39,
          "discount": 0,
          "percentDiscount": 0,
          "perGroupQuantity": null,
          "perGroupPrice": null,
          "weightDefinition": "g",
          "cupPrice": 91.95,
          "cupDefinition": "per kg",
          "cupWeight": 200,
          "cupString": "per kg",
          "available": true
        }
      ]
    },
    {
      "id": 7762,
      "category": "Drinks",
      "category1": null,
      "category2": "Coffee",
      "category3": "Coffee Instant",
      "category4": null,
      "category1Url": null,
      "category2Url": null,
      "category3Url": null,
      "category4Url": null,
      "name": "French Style Instant Coffee",
      "brand": "Moccona",
      "brandAndName": "Moccona French Style Instant Coffee ",
      "volumeSize": "200g",
      "imageFileName": "33051.jpg",
      "collected": null,
      "available": null,
      "disableFromView": null,
      "preferredSupplier": null,
      "disableFromListory": null,
      "url": "moccona-french-style-instant-coffee-200-g",
      "supplierProducts": [
        {
          "supplierProductId": 7762,
          "supplierCode": "COLES",
          "supplierName": "Coles",
          "price": 20.2,
          "discount": 0,
          "percentDiscount": 0,
          "perGroupQuantity": null,
          "perGroupPrice": null,
          "weightDefinition": "g",
          "cupPrice": 101,
          "cupDefinition": "per kg",
          "cupWeight": 200,
          "cupString": "per kg",
          "available": true
        },
        {
          "supplierProductId": 33051,
          "supplierCode": "WOOLIES",
          "supplierName": "Woolworths",
          "price": 18.39,
          "discount": 0,
          "percentDiscount": 0,
          "perGroupQuantity": null,
          "perGroupPrice": null,
          "weightDefinition": "g",
          "cupPrice": 91.95,
          "cupDefinition": "per kg",
          "cupWeight": 200,
          "cupString": "per kg",
          "available": true
        }
      ]
    },
    {
      "id": 7764,
      "category": "Drinks",
      "category1": null,
      "category2": "Coffee",
      "category3": "Coffee Instant",
      "category4": null,
      "category1Url": null,
      "category2Url": null,
      "category3Url": null,
      "category4Url": null,
      "name": "Awaken Freeze Dried Instant Coffee",
      "brand": "Moccona",
      "brandAndName": "Moccona Awaken Freeze Dried Instant Coffee ",
      "volumeSize": "200g",
      "imageFileName": "45722.jpg",
      "collected": null,
      "available": null,
      "disableFromView": null,
      "preferredSupplier": null,
      "disableFromListory": null,
      "url": "moccona-awaken-freeze-dried-instant-coffee-200-g",
      "supplierProducts": [
        {
          "supplierProductId": 45722,
          "supplierCode": "WOOLIES",
          "supplierName": "Woolworths",
          "price": 18.39,
          "discount": 0,
          "percentDiscount": 0,
          "perGroupQuantity": null,
          "perGroupPrice": null,
          "weightDefinition": "g",
          "cupPrice": 91.95,
          "cupDefinition": "per kg",
          "cupWeight": 200,
          "cupString": "per kg",
          "available": true
        }
      ]
    },
    {
      "id": 7768,
      "category": "Drinks",
      "category1": null,
      "category2": "Coffee",
      "category3": "Coffee Instant",
      "category4": null,
      "category1Url": null,
      "category2Url": null,
      "category3Url": null,
      "category4Url": null,
      "name": "Short Black Instant Coffee",
      "brand": "Nescafe",
      "brandAndName": "Nescafe Short Black Instant Coffee ",
      "volumeSize": "100g",
      "imageFileName": "33075.jpg",
      "collected": null,
      "available": null,
      "disableFromView": null,
      "preferredSupplier": null,
      "disableFromListory": null,
      "url": "nescafe-short-black-instant-coffee-100-g",
      "supplierProducts": [
        {
          "supplierProductId": 7768,
          "supplierCode": "COLES",
          "supplierName": "Coles",
          "price": 12.76,
          "discount": 0,
          "percentDiscount": 0,
          "perGroupQuantity": 0,
          "perGroupPrice": 0,
          "weightDefinition": "g",
          "cupPrice": 127.6,
          "cupDefinition": "per kg",
          "cupWeight": 100,
          "cupString": "per kg",
          "available": true
        },
        {
          "supplierProductId": 33075,
          "supplierCode": "WOOLIES",
          "supplierName": "Woolworths",
          "price": 11.6,
          "discount": 0,
          "percentDiscount": 0,
          "perGroupQuantity": null,
          "perGroupPrice": null,
          "weightDefinition": "g",
          "cupPrice": 116,
          "cupDefinition": "per kg",
          "cupWeight": 100,
          "cupString": "per kg",
          "available": true
        }
      ]
    },
    {
      "id": 33094,
      "category": "Drinks",
      "category1": null,
      "category2": "Coffee",
      "category3": "Coffee Instant",
      "category4": null,
      "category1Url": null,
      "category2Url": null,
      "category3Url": null,
      "category4Url": null,
      "name": "Instant Coffee Gold Blend",
      "brand": "Nescafe",
      "brandAndName": "Nescafe Instant Coffee Gold Blend ",
      "volumeSize": "200g",
      "imageFileName": null,
      "collected": null,
      "available": null,
      "disableFromView": null,
      "preferredSupplier": null,
      "disableFromListory": null,
      "url": "nescafe-instant-coffee-gold-blend-200-g",
      "supplierProducts": [
        {
          "supplierProductId": 33094,
          "supplierCode": "WOOLIES",
          "supplierName": "Woolworths",
          "price": 17,
          "discount": 0,
          "percentDiscount": 0,
          "perGroupQuantity": null,
          "perGroupPrice": null,
          "weightDefinition": "g",
          "cupPrice": 85,
          "cupDefinition": "per kg",
          "cupWeight": 200,
          "cupString": "per kg",
          "available": true
        }
      ]
    },
    {
      "id": 52710,
      "category": "Drinks",
      "category1": null,
      "category2": "Coffee",
      "category3": "Coffee Instant",
      "category4": null,
      "category1Url": null,
      "category2Url": null,
      "category3Url": null,
      "category4Url": null,
      "name": "Blend 43 Instant Coffee Granules",
      "brand": "Nescafe",
      "brandAndName": "Nescafe Blend 43 Instant Coffee Granules ",
      "volumeSize": "500g",
      "imageFileName": "52710.jpg",
      "collected": null,
      "available": null,
      "disableFromView": null,
      "preferredSupplier": null,
      "disableFromListory": null,
      "url": "nescafe-blend-43-instant-coffee-granules-500-g",
      "supplierProducts": [
        {
          "supplierProductId": 52710,
          "supplierCode": "COLES",
          "supplierName": "Coles",
          "price": 22,
          "discount": 0,
          "percentDiscount": 0,
          "perGroupQuantity": null,
          "perGroupPrice": null,
          "weightDefinition": "g",
          "cupPrice": 44,
          "cupDefinition": "per kg",
          "cupWeight": 500,
          "cupString": "per kg",
          "available": true
        }
      ]
    },
    {
      "id": 56431,
      "category": "Drinks",
      "category1": null,
      "category2": "Coffee",
      "category3": "Coffee Instant",
      "category4": null,
      "category1Url": null,
      "category2Url": null,
      "category3Url": null,
      "category4Url": null,
      "name": "Gold Blend Original Roast Instant Coffee",
      "brand": "Nescafe",
      "brandAndName": "Nescafe Gold Blend Original Roast Instant Coffee ",
      "volumeSize": "200g",
      "imageFileName": "7681.jpg",
      "collected": null,
      "available": null,
      "disableFromView": null,
      "preferredSupplier": null,
      "disableFromListory": null,
      "url": "nescafe-gold-blend-original-roast-instant-coffee-200-g",
      "supplierProducts": [
        {
          "supplierProductId": 33091,
          "supplierCode": "WOOLIES",
          "supplierName": "Woolworths",
          "price": 18,
          "discount": 0,
          "percentDiscount": 0,
          "perGroupQuantity": null,
          "perGroupPrice": null,
          "weightDefinition": "g",
          "cupPrice": 90,
          "cupDefinition": "per kg",
          "cupWeight": 200,
          "cupString": "per kg",
          "available": true
        },
        {
          "supplierProductId": 7681,
          "supplierCode": "COLES",
          "supplierName": "Coles",
          "price": 19.79,
          "discount": 0,
          "percentDiscount": 0,
          "perGroupQuantity": null,
          "perGroupPrice": null,
          "weightDefinition": "g",
          "cupPrice": 98.95,
          "cupDefinition": "per kg",
          "cupWeight": 200,
          "cupString": "per kg",
          "available": true
        }
      ]
    }
  ],
  "isLastPage": true,
  "ageRestriction": null,
  "postcode": 411,
  "hasDOB": false,
  "underAge": false,
  "filters": [
    {
      "code": "BRAND",
      "metaDatas": [
        {
          "name": "Bushells",
          "url": null,
          "count": 1,
          "id": null,
          "parentId": null,
          "level": null
        },
        {
          "name": "Coles",
          "url": null,
          "count": 1,
          "id": null,
          "parentId": null,
          "level": null
        },
        {
          "name": "Coles Smart Buy",
          "url": null,
          "count": 2,
          "id": null,
          "parentId": null,
          "level": null
        },
        {
          "name": "International Roast",
          "url": null,
          "count": 2,
          "id": null,
          "parentId": null,
          "level": null
        },
        {
          "name": "Jarrah",
          "url": null,
          "count": 5,
          "id": null,
          "parentId": null,
          "level": null
        },
        {
          "name": "Moccona",
          "url": null,
          "count": 14,
          "id": null,
          "parentId": null,
          "level": null
        },
        {
          "name": "Nescafe",
          "url": null,
          "count": 11,
          "id": null,
          "parentId": null,
          "level": null
        },
        {
          "name": "Robert Timms",
          "url": null,
          "count": 2,
          "id": null,
          "parentId": null,
          "level": null
        }
      ]
    },
    {
      "code": "CATEGORY1",
      "metaDatas": [
        {
          "name": "Drinks",
          "url": "drinks",
          "count": 38,
          "id": 40298,
          "parentId": null,
          "level": 1
        }
      ]
    },
    {
      "code": "CATEGORY2",
      "metaDatas": [
        {
          "name": "Coffee",
          "url": "coffee",
          "count": 38,
          "id": 40299,
          "parentId": 40298,
          "level": 2
        }
      ]
    },
    {
      "code": "CATEGORY3",
      "metaDatas": [
        {
          "name": "Coffee Instant",
          "url": "coffee-instant",
          "count": 35,
          "id": 40305,
          "parentId": 40299,
          "level": 2
        },
        {
          "name": "Coffee Instant Decaffeinated",
          "url": "coffee-instant-decaffeinated",
          "count": 2,
          "id": 40306,
          "parentId": 40299,
          "level": 2
        },
        {
          "name": "Coffee Sachet",
          "url": "coffee-sachet",
          "count": 1,
          "id": 40308,
          "parentId": 40299,
          "level": 2
        }
      ]
    },
    {
      "code": "VOLUMESIZE",
      "metaDatas": [
        {
          "name": "10 pack",
          "url": null,
          "count": 1,
          "id": null,
          "parentId": null,
          "level": 0
        },
        {
          "name": "100g ",
          "url": null,
          "count": 9,
          "id": null,
          "parentId": null,
          "level": 0
        },
        {
          "name": "150g ",
          "url": null,
          "count": 5,
          "id": null,
          "parentId": null,
          "level": 0
        },
        {
          "name": "200g ",
          "url": null,
          "count": 10,
          "id": null,
          "parentId": null,
          "level": 0
        },
        {
          "name": "220g 1 each",
          "url": null,
          "count": 1,
          "id": null,
          "parentId": null,
          "level": 0
        },
        {
          "name": "250g ",
          "url": null,
          "count": 5,
          "id": null,
          "parentId": null,
          "level": 0
        },
        {
          "name": "400g ",
          "url": null,
          "count": 2,
          "id": null,
          "parentId": null,
          "level": 0
        },
        {
          "name": "500g ",
          "url": null,
          "count": 3,
          "id": null,
          "parentId": null,
          "level": 0
        },
        {
          "name": "50g ",
          "url": null,
          "count": 2,
          "id": null,
          "parentId": null,
          "level": 0
        }
      ]
    }
  ]
}
