{
  "hits": 27,
  "items": [
    {
      "id": 6400,
      "category": "Pantry",
      "category1": null,
      "category2": "Oils",
      "category3": "Olive Oil",
      "category4": null,
      "category1Url": null,
      "category2Url": null,
      "category3Url": null,
      "category4Url": null,
      "name": "Olive Oil",
      "brand": "Coles Smart Buy",
      "brandAndName": "Coles Smart Buy Olive Oil ",
      "volumeSize": "500ml",
      "imageFileName": "6400.jpg",
      "collected": null,
      "available": null,
      "disableFromView": null,
      "preferredSupplier": null,
      "disableFromListory": null,
      "url": "coles-smart-buy-olive-oil-500-ml",
      "supplierProducts": [
        {
          "supplierProductId": 6400,
          "supplierCode": "COLES",
          "supplierName": "Coles",
          "price": 3,
          "discount": 0,
          "percentDiscount": 0,
          "perGroupQuantity": 0,
          "perGroupPrice": 0,
          "weightDefinition": "ml",
          "cupPrice": 6,
          "cupDefinition": "per L",
          "cupWeight": 500,
          "cupString": "per L",
          "available": true
        }
      ]
    },
    {
      "id": 6406,
      "category": "Pantry",
      "category1": null,
      "category2": "Oils",
      "category3": "Olive Oil",
      "category4": null,
      "category1Url": null,
      "category2Url": null,
      "category3Url": null,
      "category4Url": null,
      "name": "Pure Olive Oil",
      "brand": "Coles",
      "brandAndName": "Coles Pure Olive Oil ",
      "volumeSize": "500ml",
      "imageFileName": "6406.jpg",
      "collected": null,
      "available": null,
      "disableFromView": null,
      "preferredSupplier": null,
      "disableFromListory": null,
      "url": "coles-pure-olive-oil-500-ml",
      "supplierProducts": [
        {
          "supplierProductId": 6406,
          "supplierCode": "COLES",
          "supplierName": "Coles",
          "price": 4,
          "discount": 0,
          "percentDiscount": 0,
          "perGroupQuantity": 0,
          "perGroupPrice": 0,
          "weightDefinition": "ml",
          "cupPrice": 8,
          "cupDefinition": "per L",
          "cupWeight": 500,
          "cupString": "per L",
          "available": true
        }
      ]
    },
    {
      "id": 6410,
      "category": "Pantry",
      "category1": null,
      "category2": "Oils",
      "category3": "Olive Oil",
      "category4": null,
      "category1Url": null,
      "category2Url": null,
      "category3Url": null,
      "category4Url": null,
      "name": "Olive Oil Pure",
      "brand": "Coles",
      "brandAndName": "Coles Olive Oil Pure ",
      "volumeSize": "1L",
      "imageFileName": "6410.jpg",
      "collected": null,
      "available": null,
      "disableFromView": null,
      "preferredSupplier": null,
      "disableFromListory": null,
      "url": "coles-olive-oil-pure-1000-ml",
      "supplierProducts": [
        {
          "supplierProductId": 6410,
          "supplierCode": "COLES",
          "supplierName": "Coles",
          "price": 7,
          "discount": 0,
          "percentDiscount": 0,
          "perGroupQuantity": 0,
          "perGroupPrice": 0,
          "weightDefinition": "ml",
          "cupPrice": 7,
          "cupDefinition": "per L",
          "cupWeight": 1000,
          "cupString": "per L",
          "available": true
        }
      ]
    },
    {
      "id": 6425,
      "category": "Pantry",
      "category1": null,
      "category2": "Oils",
      "category3": "Olive Oil",
      "category4": null,
      "category1Url": null,
      "category2Url": null,
      "category3Url": null,
      "category4Url": null,
      "name": "Olive Oil Pure El Tradicional",
      "brand": "Moro",
      "brandAndName": "Moro Olive Oil Pure El Tradicional ",
      "volumeSize": "1L",
      "imageFileName": "26889.jpg",
      "collected": null,
      "available": null,
      "disableFromView": null,
      "preferredSupplier": null,
      "disableFromListory": null,
      "url": "moro-olive-oil-pure-el-tradicional-1000-ml",
      "supplierProducts": [
        {
          "supplierProductId": 26889,
          "supplierCode": "WOOLIES",
          "supplierName": "Woolworths",
          "price": 14,
          "discount": 0,
          "percentDiscount": 0,
          "perGroupQuantity": null,
          "perGroupPrice": null,
          "weightDefinition": "ml",
          "cupPrice": 14,
          "cupDefinition": "per L",
          "cupWeight": 1000,
          "cupString": "per L",
          "available": true
        }
      ]
    },
    {
      "id": 6426,
      "category": "Pantry",
      "category1": null,
      "category2": "Oils",
      "category3": "Olive Oil",
      "category4": null,
      "category1Url": null,
      "category2Url": null,
      "category3Url": null,
      "category4Url": null,
      "name": "Olive Oil Pure",
      "brand": "Moro",
      "brandAndName": "Moro Olive Oil Pure ",
      "volumeSize": "500ml",
      "imageFileName": "26888.jpg",
      "collected": null,
      "available": null,
      "disableFromView": null,
      "preferredSupplier": null,
      "disableFromListory": null,
      "url": "moro-olive-oil-pure-500-ml",
      "supplierProducts": [
        {
          "supplierProductId": 6426,
          "supplierCode": "COLES",
          "supplierName": "Coles",
          "price": 9.5,
          "discount": 0,
          "percentDiscount": 0,
          "perGroupQuantity": null,
          "perGroupPrice": null,
          "weightDefinition": "ml",
          "cupPrice": 19,
          "cupDefinition": "per L",
          "cupWeight": 500,
          "cupString": "per L",
          "available": true
        }
      ]
    },
    {
      "id": 6427,
      "category": "Pantry",
      "category1": null,
      "category2": "Oils",
      "category3": "Olive Oil",
      "category4": null,
      "category1Url": null,
      "category2Url": null,
      "category3Url": null,
      "category4Url": null,
      "name": "Olive Oil Extra Light Spray",
      "brand": "Pro Chef",
      "brandAndName": "Pro Chef Olive Oil Extra Light Spray ",
      "volumeSize": "225g",
      "imageFileName": "26891.jpg",
      "collected": null,
      "available": null,
      "disableFromView": null,
      "preferredSupplier": null,
      "disableFromListory": null,
      "url": "pro-chef-olive-oil-extra-light-spray-225-g",
      "supplierProducts": [
        {
          "supplierProductId": 6427,
          "supplierCode": "COLES",
          "supplierName": "Coles",
          "price": 4,
          "discount": 0,
          "percentDiscount": 0,
          "perGroupQuantity": 0,
          "perGroupPrice": 0,
          "weightDefinition": "g",
          "cupPrice": 17.78,
          "cupDefinition": "per kg",
          "cupWeight": 225,
          "cupString": "per kg",
          "available": true
        }
      ]
    },
    {
      "id": 6433,
      "category": "Pantry",
      "category1": null,
      "category2": "Oils",
      "category3": "Olive Oil",
      "category4": null,
      "category1Url": null,
      "category2Url": null,
      "category3Url": null,
      "category4Url": null,
      "name": "Olive Oil Extra Light",
      "brand": "Moro",
      "brandAndName": "Moro Olive Oil Extra Light ",
      "volumeSize": "500ml",
      "imageFileName": "26882.jpg",
      "collected": null,
      "available": null,
      "disableFromView": null,
      "preferredSupplier": null,
      "disableFromListory": null,
      "url": "moro-olive-oil-extra-light-500-ml",
      "supplierProducts": [
        {
          "supplierProductId": 6433,
          "supplierCode": "COLES",
          "supplierName": "Coles",
          "price": 10.45,
          "discount": 0,
          "percentDiscount": 0,
          "perGroupQuantity": null,
          "perGroupPrice": null,
          "weightDefinition": "ml",
          "cupPrice": 20.9,
          "cupDefinition": "per L",
          "cupWeight": 500,
          "cupString": "per L",
          "available": true
        }
      ]
    },
    {
      "id": 6434,
      "category": "Pantry",
      "category1": null,
      "category2": "Oils",
      "category3": "Olive Oil",
      "category4": null,
      "category1Url": null,
      "category2Url": null,
      "category3Url": null,
      "category4Url": null,
      "name": "Olive Oil Extra Light El Delicado",
      "brand": "Moro",
      "brandAndName": "Moro Olive Oil Extra Light El Delicado ",
      "volumeSize": "1L",
      "imageFileName": "26883.jpg",
      "collected": null,
      "available": null,
      "disableFromView": null,
      "preferredSupplier": null,
      "disableFromListory": null,
      "url": "moro-olive-oil-extra-light-el-delicado-1000-ml",
      "supplierProducts": [
        {
          "supplierProductId": 26883,
          "supplierCode": "WOOLIES",
          "supplierName": "Woolworths",
          "price": 14,
          "discount": 0,
          "percentDiscount": 0,
          "perGroupQuantity": null,
          "perGroupPrice": null,
          "weightDefinition": "ml",
          "cupPrice": 14,
          "cupDefinition": "per L",
          "cupWeight": 1000,
          "cupString": "per L",
          "available": true
        }
      ]
    },
    {
      "id": 6437,
      "category": "Pantry",
      "category1": null,
      "category2": "Oils",
      "category3": "Olive Oil",
      "category4": null,
      "category1Url": null,
      "category2Url": null,
      "category3Url": null,
      "category4Url": null,
      "name": "Cooking Oil Premium",
      "brand": "Carotino",
      "brandAndName": "Carotino Cooking Oil Premium ",
      "volumeSize": "500ml",
      "imageFileName": "6437.jpg",
      "collected": null,
      "available": null,
      "disableFromView": null,
      "preferredSupplier": null,
      "disableFromListory": null,
      "url": "carotino-cooking-oil-premium-500-ml",
      "supplierProducts": [
        {
          "supplierProductId": 6437,
          "supplierCode": "COLES",
          "supplierName": "Coles",
          "price": 5.71,
          "discount": 0,
          "percentDiscount": 0,
          "perGroupQuantity": null,
          "perGroupPrice": null,
          "weightDefinition": "ml",
          "cupPrice": 11.42,
          "cupDefinition": "per L",
          "cupWeight": 500,
          "cupString": "per L",
          "available": true
        }
      ]
    },
    {
      "id": 6439,
      "category": "Pantry",
      "category1": null,
      "category2": "Oils",
      "category3": "Olive Oil",
      "category4": null,
      "category1Url": null,
      "category2Url": null,
      "category3Url": null,
      "category4Url": null,
      "name": "Olive Oil Extra Virgin Light Australian Spray",
      "brand": "Cobram Estate",
      "brandAndName": "Cobram Estate Olive Oil Extra Virgin Light Australian Spray ",
      "volumeSize": "225g",
      "imageFileName": "26864.jpg",
      "collected": null,
      "available": null,
      "disableFromView": null,
      "preferredSupplier": null,
      "disableFromListory": null,
      "url": "cobram-estate-olive-oil-extra-virgin-light-australian-spray-225-g",
      "supplierProducts": [
        {
          "supplierProductId": 26864,
          "supplierCode": "WOOLIES",
          "supplierName": "Woolworths",
          "price": 4.99,
          "discount": 0,
          "percentDiscount": 0,
          "perGroupQuantity": null,
          "perGroupPrice": null,
          "weightDefinition": "g",
          "cupPrice": 22.18,
          "cupDefinition": "per kg",
          "cupWeight": 225,
          "cupString": "per kg",
          "available": true
        },
        {
          "supplierProductId": 6439,
          "supplierCode": "COLES",
          "supplierName": "Coles",
          "price": 5.61,
          "discount": 0,
          "percentDiscount": 0,
          "perGroupQuantity": null,
          "perGroupPrice": null,
          "weightDefinition": "g",
          "cupPrice": 24.93,
          "cupDefinition": "per kg",
          "cupWeight": 225,
          "cupString": "per kg",
          "available": true
        }
      ]
    },
    {
      "id": 6444,
      "category": "Pantry",
      "category1": null,
      "category2": "Oils",
      "category3": "Olive Oil",
      "category4": null,
      "category1Url": null,
      "category2Url": null,
      "category3Url": null,
      "category4Url": null,
      "name": "Olive Oil Light & Mild",
      "brand": "La Espanola",
      "brandAndName": "La Espanola Olive Oil Light & Mild ",
      "volumeSize": "4L",
      "imageFileName": "6444.jpg",
      "collected": null,
      "available": null,
      "disableFromView": null,
      "preferredSupplier": null,
      "disableFromListory": null,
      "url": "la-espanola-olive-oil-light-and-mild-4000-ml",
      "supplierProducts": [
        {
          "supplierProductId": 6444,
          "supplierCode": "COLES",
          "supplierName": "Coles",
          "price": 24,
          "discount": 0,
          "percentDiscount": 0,
          "perGroupQuantity": 0,
          "perGroupPrice": 0,
          "weightDefinition": "ml",
          "cupPrice": 6,
          "cupDefinition": "per L",
          "cupWeight": 4000,
          "cupString": "per L",
          "available": true
        }
      ]
    },
    {
      "id": 6447,
      "category": "Pantry",
      "category1": null,
      "category2": "Oils",
      "category3": "Olive Oil",
      "category4": null,
      "category1Url": null,
      "category2Url": null,
      "category3Url": null,
      "category4Url": null,
      "name": "Olive Oil Extra Light El Delicado",
      "brand": "Moro",
      "brandAndName": "Moro Olive Oil Extra Light El Delicado ",
      "volumeSize": "4L",
      "imageFileName": "26884.jpg",
      "collected": null,
      "available": null,
      "disableFromView": null,
      "preferredSupplier": null,
      "disableFromListory": null,
      "url": "moro-olive-oil-extra-light-el-delicado-4000-ml",
      "supplierProducts": [
        {
          "supplierProductId": 6447,
          "supplierCode": "COLES",
          "supplierName": "Coles",
          "price": 25,
          "discount": 0,
          "percentDiscount": 0,
          "perGroupQuantity": null,
          "perGroupPrice": null,
          "weightDefinition": "ml",
          "cupPrice": 6.25,
          "cupDefinition": "per L",
          "cupWeight": 4000,
          "cupString": "per L",
          "available": true
        },
        {
          "supplierProductId": 26884,
          "supplierCode": "WOOLIES",
          "supplierName": "Woolworths",
          "price": 29,
          "discount": 0,
          "percentDiscount": 0,
          "perGroupQuantity": null,
          "perGroupPrice": null,
          "weightDefinition": "ml",
          "cupPrice": 7.25,
          "cupDefinition": "per L",
          "cupWeight": 4000,
          "cupString": "per L",
          "available": true
        }
      ]
    },
    {
      "id": 6453,
      "category": "Pantry",
      "category1": null,
      "category2": "Oils",
      "category3": "Olive Oil",
      "category4": null,
      "category1Url": null,
      "category2Url": null,
      "category3Url": null,
      "category4Url": null,
      "name": "Olive Oil Light & Delicate",
      "brand": "Cobram Estate",
      "brandAndName": "Cobram Estate Olive Oil Light & Delicate ",
      "volumeSize": "3L",
      "imageFileName": "6453.jpg",
      "collected": null,
      "available": null,
      "disableFromView": null,
      "preferredSupplier": null,
      "disableFromListory": null,
      "url": "cobram-estate-olive-oil-light-and-delicate-3000-ml",
      "supplierProducts": [
        {
          "supplierProductId": 6453,
          "supplierCode": "COLES",
          "supplierName": "Coles",
          "price": 32,
          "discount": 0,
          "percentDiscount": 0,
          "perGroupQuantity": null,
          "perGroupPrice": null,
          "weightDefinition": "ml",
          "cupPrice": 10.67,
          "cupDefinition": "per L",
          "cupWeight": 3000,
          "cupString": "per L",
          "available": true
        }
      ]
    },
    {
      "id": 6454,
      "category": "Pantry",
      "category1": null,
      "category2": "Oils",
      "category3": "Olive Oil",
      "category4": null,
      "category1Url": null,
      "category2Url": null,
      "category3Url": null,
      "category4Url": null,
      "name": "Premiere Extra Virgin Olive Oil",
      "brand": "Cobram Estate",
      "brandAndName": "Cobram Estate Premiere Extra Virgin Olive Oil ",
      "volumeSize": "375ml",
      "imageFileName": "26876.jpg",
      "collected": null,
      "available": null,
      "disableFromView": null,
      "preferredSupplier": null,
      "disableFromListory": null,
      "url": "cobram-estate-premiere-extra-virgin-olive-oil-375-ml",
      "supplierProducts": [
        {
          "supplierProductId": 26876,
          "supplierCode": "WOOLIES",
          "supplierName": "Woolworths",
          "price": 9,
          "discount": 0,
          "percentDiscount": 0,
          "perGroupQuantity": null,
          "perGroupPrice": null,
          "weightDefinition": "ml",
          "cupPrice": 24,
          "cupDefinition": "per L",
          "cupWeight": 375,
          "cupString": "per L",
          "available": true
        }
      ]
    },
    {
      "id": 6462,
      "category": "Pantry",
      "category1": null,
      "category2": "Oils",
      "category3": "Olive Oil",
      "category4": null,
      "category1Url": null,
      "category2Url": null,
      "category3Url": null,
      "category4Url": null,
      "name": "Olive Oil Pure El Tradicional",
      "brand": "Moro",
      "brandAndName": "Moro Olive Oil Pure El Tradicional ",
      "volumeSize": "4L",
      "imageFileName": "26890.jpg",
      "collected": null,
      "available": null,
      "disableFromView": null,
      "preferredSupplier": null,
      "disableFromListory": null,
      "url": "moro-olive-oil-pure-el-tradicional-4000-ml",
      "supplierProducts": [
        {
          "supplierProductId": 6462,
          "supplierCode": "COLES",
          "supplierName": "Coles",
          "price": 25,
          "discount": 0,
          "percentDiscount": 0,
          "perGroupQuantity": null,
          "perGroupPrice": null,
          "weightDefinition": "ml",
          "cupPrice": 6.25,
          "cupDefinition": "per L",
          "cupWeight": 4000,
          "cupString": "per L",
          "available": true
        },
        {
          "supplierProductId": 26890,
          "supplierCode": "WOOLIES",
          "supplierName": "Woolworths",
          "price": 29,
          "discount": 0,
          "percentDiscount": 0,
          "perGroupQuantity": null,
          "perGroupPrice": null,
          "weightDefinition": "ml",
          "cupPrice": 7.25,
          "cupDefinition": "per L",
          "cupWeight": 4000,
          "cupString": "per L",
          "available": true
        }
      ]
    },
    {
      "id": 6475,
      "category": "Pantry",
      "category1": null,
      "category2": "Oils",
      "category3": "Olive Oil",
      "category4": null,
      "category1Url": null,
      "category2Url": null,
      "category3Url": null,
      "category4Url": null,
      "name": "Olive Oil Light",
      "brand": "La Espanola",
      "brandAndName": "La Espanola Olive Oil Light ",
      "volumeSize": "500ml",
      "imageFileName": "6475.jpg",
      "collected": null,
      "available": null,
      "disableFromView": null,
      "preferredSupplier": null,
      "disableFromListory": null,
      "url": "la-espanola-olive-oil-light-500-ml",
      "supplierProducts": [
        {
          "supplierProductId": 6475,
          "supplierCode": "COLES",
          "supplierName": "Coles",
          "price": 9.9,
          "discount": 0,
          "percentDiscount": 0,
          "perGroupQuantity": null,
          "perGroupPrice": null,
          "weightDefinition": "ml",
          "cupPrice": 19.8,
          "cupDefinition": "per L",
          "cupWeight": 500,
          "cupString": "per L",
          "available": true
        }
      ]
    },
    {
      "id": 6476,
      "category": "Pantry",
      "category1": null,
      "category2": "Oils",
      "category3": "Olive Oil",
      "category4": null,
      "category1Url": null,
      "category2Url": null,
      "category3Url": null,
      "category4Url": null,
      "name": "Olive Oil Light & Mild",
      "brand": "La Espanola",
      "brandAndName": "La Espanola Olive Oil Light & Mild ",
      "volumeSize": "1L",
      "imageFileName": "6476.jpg",
      "collected": null,
      "available": null,
      "disableFromView": null,
      "preferredSupplier": null,
      "disableFromListory": null,
      "url": "la-espanola-olive-oil-light-and-mild-1000-ml",
      "supplierProducts": [
        {
          "supplierProductId": 6476,
          "supplierCode": "COLES",
          "supplierName": "Coles",
          "price": 15.4,
          "discount": 0,
          "percentDiscount": 0,
          "perGroupQuantity": null,
          "perGroupPrice": null,
          "weightDefinition": "ml",
          "cupPrice": 15.4,
          "cupDefinition": "per L",
          "cupWeight": 1000,
          "cupString": "per L",
          "available": true
        }
      ]
    },
    {
      "id": 26853,
      "category": "Pantry",
      "category1": null,
      "category2": "Oils",
      "category3": "Olive Oil",
      "category4": null,
      "category1Url": null,
      "category2Url": null,
      "category3Url": null,
      "category4Url": null,
      "name": "Extra Light Olive Oil Spray",
      "brand": "Bertolli",
      "brandAndName": "Bertolli Extra Light Olive Oil Spray ",
      "volumeSize": "150g",
      "imageFileName": "26853.jpg",
      "collected": null,
      "available": null,
      "disableFromView": null,
      "preferredSupplier": null,
      "disableFromListory": null,
      "url": "bertolli-extra-light-olive-oil-spray-150-g",
      "supplierProducts": [
        {
          "supplierProductId": 26853,
          "supplierCode": "WOOLIES",
          "supplierName": "Woolworths",
          "price": 4.27,
          "discount": 0,
          "percentDiscount": 0,
          "perGroupQuantity": null,
          "perGroupPrice": null,
          "weightDefinition": "g",
          "cupPrice": 28.47,
          "cupDefinition": "per kg",
          "cupWeight": 150,
          "cupString": "per kg",
          "available": true
        }
      ]
    },
    {
      "id": 26873,
      "category": "Pantry",
      "category1": null,
      "category2": "Oils",
      "category3": "Olive Oil",
      "category4": null,
      "category1Url": null,
      "category2Url": null,
      "category3Url": null,
      "category4Url": null,
      "name": "Cobram Estate Extra Virgin Olive Oil Lemon Infused",
      "brand": "Cobram Estate",
      "brandAndName": "Cobram Estate Cobram Estate Extra Virgin Olive Oil Lemon Infused ",
      "volumeSize": "250ml",
      "imageFileName": "26873.jpg",
      "collected": null,
      "available": null,
      "disableFromView": null,
      "preferredSupplier": null,
      "disableFromListory": null,
      "url": "cobram-estate-cobram-estate-extra-virgin-olive-oil-lemon-infused-1-each-250-ml",
      "supplierProducts": [
        {
          "supplierProductId": 26873,
          "supplierCode": "WOOLIES",
          "supplierName": "Woolworths",
          "price": 5.5,
          "discount": 0,
          "percentDiscount": 0,
          "perGroupQuantity": null,
          "perGroupPrice": null,
          "weightDefinition": "ml",
          "cupPrice": 22,
          "cupDefinition": "per L",
          "cupWeight": 250,
          "cupString": "per L",
          "available": true
        }
      ]
    },
    {
      "id": 26880,
      "category": "Pantry",
      "category1": null,
      "category2": "Oils",
      "category3": "Olive Oil",
      "category4": null,
      "category1Url": null,
      "category2Url": null,
      "category3Url": null,
      "category4Url": null,
      "name": "Olive Oil Spray",
      "brand": "Homebrand",
      "brandAndName": "Homebrand Olive Oil Spray ",
      "volumeSize": "400g",
      "imageFileName": "26880.jpg",
      "collected": null,
      "available": null,
      "disableFromView": null,
      "preferredSupplier": null,
      "disableFromListory": null,
      "url": "homebrand-olive-oil-spray-400-g",
      "supplierProducts": [
        {
          "supplierProductId": 26880,
          "supplierCode": "WOOLIES",
          "supplierName": "Woolworths",
          "price": 5.3,
          "discount": 0,
          "percentDiscount": 0,
          "perGroupQuantity": 0,
          "perGroupPrice": 0,
          "weightDefinition": "g",
          "cupPrice": 13.25,
          "cupDefinition": "per kg",
          "cupWeight": 400,
          "cupString": "per kg",
          "available": true
        }
      ]
    },
    {
      "id": 26905,
      "category": "Pantry",
      "category1": null,
      "category2": "Oils",
      "category3": "Olive Oil",
      "category4": null,
      "category1Url": null,
      "category2Url": null,
      "category3Url": null,
      "category4Url": null,
      "name": "Olive Oil Spanish Classic",
      "brand": "Woolworths Select",
      "brandAndName": "Woolworths Select Olive Oil Spanish Classic ",
      "volumeSize": "500ml",
      "imageFileName": "26905.jpg",
      "collected": null,
      "available": null,
      "disableFromView": null,
      "preferredSupplier": null,
      "disableFromListory": null,
      "url": "woolworths-select-olive-oil-spanish-classic-500-ml",
      "supplierProducts": [
        {
          "supplierProductId": 26905,
          "supplierCode": "WOOLIES",
          "supplierName": "Woolworths",
          "price": 4,
          "discount": 0,
          "percentDiscount": 0,
          "perGroupQuantity": 0,
          "perGroupPrice": 0,
          "weightDefinition": "ml",
          "cupPrice": 8,
          "cupDefinition": "per L",
          "cupWeight": 500,
          "cupString": "per L",
          "available": true
        }
      ]
    },
    {
      "id": 26906,
      "category": "Pantry",
      "category1": null,
      "category2": "Oils",
      "category3": "Olive Oil",
      "category4": null,
      "category1Url": null,
      "category2Url": null,
      "category3Url": null,
      "category4Url": null,
      "name": "Olive Oil Spanish Classic",
      "brand": "Woolworths Select",
      "brandAndName": "Woolworths Select Olive Oil Spanish Classic ",
      "volumeSize": "1L",
      "imageFileName": "26906.jpg",
      "collected": null,
      "available": null,
      "disableFromView": null,
      "preferredSupplier": null,
      "disableFromListory": null,
      "url": "woolworths-select-olive-oil-spanish-classic-1000-ml",
      "supplierProducts": [
        {
          "supplierProductId": 26906,
          "supplierCode": "WOOLIES",
          "supplierName": "Woolworths",
          "price": 7,
          "discount": 0,
          "percentDiscount": 0,
          "perGroupQuantity": 0,
          "perGroupPrice": 0,
          "weightDefinition": "ml",
          "cupPrice": 7,
          "cupDefinition": "per L",
          "cupWeight": 1000,
          "cupString": "per L",
          "available": true
        }
      ]
    },
    {
      "id": 45209,
      "category": "Pantry",
      "category1": null,
      "category2": "Oils",
      "category3": "Olive Oil",
      "category4": null,
      "category1Url": null,
      "category2Url": null,
      "category3Url": null,
      "category4Url": null,
      "name": "Olive Oil Spanish Mellow",
      "brand": "Woolworths Select",
      "brandAndName": "Woolworths Select Olive Oil Spanish Mellow ",
      "volumeSize": "1L",
      "imageFileName": "45209.jpg",
      "collected": null,
      "available": null,
      "disableFromView": null,
      "preferredSupplier": null,
      "disableFromListory": null,
      "url": "woolworths-select-olive-oil-spanish-mellow-1000-ml",
      "supplierProducts": [
        {
          "supplierProductId": 45209,
          "supplierCode": "WOOLIES",
          "supplierName": "Woolworths",
          "price": 7,
          "discount": 0,
          "percentDiscount": 0,
          "perGroupQuantity": 0,
          "perGroupPrice": 0,
          "weightDefinition": "ml",
          "cupPrice": 7,
          "cupDefinition": "per L",
          "cupWeight": 1000,
          "cupString": "per L",
          "available": true
        }
      ]
    },
    {
      "id": 57791,
      "category": "Pantry",
      "category1": null,
      "category2": "Oils",
      "category3": "Olive Oil",
      "category4": null,
      "category1Url": null,
      "category2Url": null,
      "category3Url": null,
      "category4Url": null,
      "name": "Olive Oil Classic",
      "brand": "Dollevi",
      "brandAndName": "Dollevi Olive Oil Classic ",
      "volumeSize": "4L",
      "imageFileName": null,
      "collected": null,
      "available": null,
      "disableFromView": null,
      "preferredSupplier": null,
      "disableFromListory": null,
      "url": "dollevi-olive-oil-classic-4000-ml",
      "supplierProducts": [
        {
          "supplierProductId": 56773,
          "supplierCode": "WOOLIES",
          "supplierName": "Woolworths",
          "price": 24,
          "discount": 0,
          "percentDiscount": 0,
          "perGroupQuantity": 0,
          "perGroupPrice": 0,
          "weightDefinition": "ml",
          "cupPrice": 6,
          "cupDefinition": "per L",
          "cupWeight": 4000,
          "cupString": "per L",
          "available": true
        }
      ]
    },
    {
      "id": 88417,
      "category": "Pantry",
      "category1": null,
      "category2": "Oils",
      "category3": "Olive Oil",
      "category4": null,
      "category1Url": null,
      "category2Url": null,
      "category3Url": null,
      "category4Url": null,
      "name": "Coconut Extra Virgin Olive Oil Gluten Free",
      "brand": "Only Organic",
      "brandAndName": "Only Organic Coconut Extra Virgin Olive Oil Gluten Free ",
      "volumeSize": "300g",
      "imageFileName": null,
      "collected": null,
      "available": null,
      "disableFromView": null,
      "preferredSupplier": null,
      "disableFromListory": null,
      "url": "only-organic-coconut-extra-virgin-olive-oil-gluten-free-300-g",
      "supplierProducts": [
        {
          "supplierProductId": 87347,
          "supplierCode": "WOOLIES",
          "supplierName": "Woolworths",
          "price": 5,
          "discount": 0,
          "percentDiscount": 0,
          "perGroupQuantity": null,
          "perGroupPrice": null,
          "weightDefinition": "g",
          "cupPrice": 16.67,
          "cupDefinition": "per kg",
          "cupWeight": 300,
          "cupString": "per kg",
          "available": true
        }
      ]
    },
    {
      "id": 89893,
      "category": "Pantry",
      "category1": null,
      "category2": "Oils",
      "category3": "Olive Oil",
      "category4": null,
      "category1Url": null,
      "category2Url": null,
      "category3Url": null,
      "category4Url": null,
      "name": "Olive Oil",
      "brand": "Homebrand",
      "brandAndName": "Homebrand Olive Oil ",
      "volumeSize": "1L",
      "imageFileName": "26879.jpg",
      "collected": null,
      "available": null,
      "disableFromView": null,
      "preferredSupplier": null,
      "disableFromListory": null,
      "url": "homebrand-olive-oil-1000-ml",
      "supplierProducts": [
        {
          "supplierProductId": 26879,
          "supplierCode": "WOOLIES",
          "supplierName": "Woolworths",
          "price": 6,
          "discount": 0,
          "percentDiscount": 0,
          "perGroupQuantity": 0,
          "perGroupPrice": 0,
          "weightDefinition": "ml",
          "cupPrice": 6,
          "cupDefinition": "per L",
          "cupWeight": 1000,
          "cupString": "per L",
          "available": true
        }
      ]
    },
    {
      "id": 89894,
      "category": "Pantry",
      "category1": null,
      "category2": "Oils",
      "category3": "Olive Oil",
      "category4": null,
      "category1Url": null,
      "category2Url": null,
      "category3Url": null,
      "category4Url": null,
      "name": "Olive Oil",
      "brand": "Homebrand",
      "brandAndName": "Homebrand Olive Oil ",
      "volumeSize": "500ml",
      "imageFileName": "26878.jpg",
      "collected": null,
      "available": null,
      "disableFromView": null,
      "preferredSupplier": null,
      "disableFromListory": null,
      "url": "homebrand-olive-oil-500-ml",
      "supplierProducts": [
        {
          "supplierProductId": 26878,
          "supplierCode": "WOOLIES",
          "supplierName": "Woolworths",
          "price": 3,
          "discount": 0,
          "percentDiscount": 0,
          "perGroupQuantity": 0,
          "perGroupPrice": 0,
          "weightDefinition": "ml",
          "cupPrice": 6,
          "cupDefinition": "per L",
          "cupWeight": 500,
          "cupString": "per L",
          "available": true
        }
      ]
    }
  ],
  "isLastPage": true,
  "ageRestriction": null,
  "postcode": 411,
  "hasDOB": false,
  "underAge": false,
  "filters": [
    {
      "code": "BRAND",
      "metaDatas": [
        {
          "name": "Bertolli",
          "url": null,
          "count": 1,
          "id": null,
          "parentId": null,
          "level": null
        },
        {
          "name": "Carotino",
          "url": null,
          "count": 1,
          "id": null,
          "parentId": null,
          "level": null
        },
        {
          "name": "Cobram Estate",
          "url": null,
          "count": 4,
          "id": null,
          "parentId": null,
          "level": null
        },
        {
          "name": "Coles",
          "url": null,
          "count": 2,
          "id": null,
          "parentId": null,
          "level": null
        },
        {
          "name": "Coles Smart Buy",
          "url": null,
          "count": 1,
          "id": null,
          "parentId": null,
          "level": null
        },
        {
          "name": "Dollevi",
          "url": null,
          "count": 1,
          "id": null,
          "parentId": null,
          "level": null
        },
        {
          "name": "Homebrand",
          "url": null,
          "count": 3,
          "id": null,
          "parentId": null,
          "level": null
        },
        {
          "name": "La Espanola",
          "url": null,
          "count": 3,
          "id": null,
          "parentId": null,
          "level": null
        },
        {
          "name": "Moro",
          "url": null,
          "count": 6,
          "id": null,
          "parentId": null,
          "level": null
        },
        {
          "name": "Only Organic",
          "url": null,
          "count": 1,
          "id": null,
          "parentId": null,
          "level": null
        },
        {
          "name": "Pro Chef",
          "url": null,
          "count": 1,
          "id": null,
          "parentId": null,
          "level": null
        },
        {
          "name": "Woolworths Select",
          "url": null,
          "count": 3,
          "id": null,
          "parentId": null,
          "level": null
        }
      ]
    },
    {
      "code": "CATEGORY1",
      "metaDatas": [
        {
          "name": "Pantry",
          "url": "pantry",
          "count": 27,
          "id": 40065,
          "parentId": null,
          "level": 1
        }
      ]
    },
    {
      "code": "CATEGORY2",
      "metaDatas": [
        {
          "name": "Oils",
          "url": "oils",
          "count": 27,
          "id": 41004,
          "parentId": 40065,
          "level": 2
        }
      ]
    },
    {
      "code": "CATEGORY3",
      "metaDatas": [
        {
          "name": "Olive Oil",
          "url": "olive-oil",
          "count": 27,
          "id": 41009,
          "parentId": 41004,
          "level": 2
        }
      ]
    },
    {
      "code": "VOLUMESIZE",
      "metaDatas": [
        {
          "name": "1000ml ",
          "url": null,
          "count": 7,
          "id": null,
          "parentId": null,
          "level": 0
        },
        {
          "name": "150g ",
          "url": null,
          "count": 1,
          "id": null,
          "parentId": null,
          "level": 0
        },
        {
          "name": "225g ",
          "url": null,
          "count": 2,
          "id": null,
          "parentId": null,
          "level": 0
        },
        {
          "name": "250ml 1 each",
          "url": null,
          "count": 1,
          "id": null,
          "parentId": null,
          "level": 0
        },
        {
          "name": "3000ml ",
          "url": null,
          "count": 1,
          "id": null,
          "parentId": null,
          "level": 0
        },
        {
          "name": "300g ",
          "url": null,
          "count": 1,
          "id": null,
          "parentId": null,
          "level": 0
        },
        {
          "name": "375ml ",
          "url": null,
          "count": 1,
          "id": null,
          "parentId": null,
          "level": 0
        },
        {
          "name": "4000ml ",
          "url": null,
          "count": 4,
          "id": null,
          "parentId": null,
          "level": 0
        },
        {
          "name": "400g ",
          "url": null,
          "count": 1,
          "id": null,
          "parentId": null,
          "level": 0
        },
        {
          "name": "500ml ",
          "url": null,
          "count": 8,
          "id": null,
          "parentId": null,
          "level": 0
        }
      ]
    }
  ]
}
