{
  "hits": 70,
  "items": [
    {
      "id": 6991,
      "category": "Pantry",
      "category1": null,
      "category2": "Canned & Jarred",
      "category3": "Canned Tomatoes",
      "category4": null,
      "category1Url": null,
      "category2Url": null,
      "category3Url": null,
      "category4Url": null,
      "name": "San Marzano Tomatoes",
      "brand": "Annalisa",
      "brandAndName": "Annalisa San Marzano Tomatoes ",
      "volumeSize": "400g",
      "imageFileName": "6991.jpg",
      "collected": null,
      "available": null,
      "disableFromView": null,
      "preferredSupplier": null,
      "disableFromListory": null,
      "url": "annalisa-san-marzano-tomatoes-400-g",
      "supplierProducts": [
        {
          "supplierProductId": 6991,
          "supplierCode": "COLES",
          "supplierName": "Coles",
          "price": 2.5,
          "discount": 0,
          "percentDiscount": 0,
          "perGroupQuantity": 0,
          "perGroupPrice": 0,
          "weightDefinition": "g",
          "cupPrice": 6.25,
          "cupDefinition": "per kg",
          "cupWeight": 400,
          "cupString": "per kg",
          "available": true
        }
      ]
    },
    {
      "id": 6992,
      "category": "Pantry",
      "category1": null,
      "category2": "Canned & Jarred",
      "category3": "Canned Tomatoes",
      "category4": null,
      "category1Url": null,
      "category2Url": null,
      "category3Url": null,
      "category4Url": null,
      "name": "Diced Tomatoes with Basil & Oregano",
      "brand": "Annalisa",
      "brandAndName": "Annalisa Diced Tomatoes with Basil & Oregano ",
      "volumeSize": "400g",
      "imageFileName": null,
      "collected": null,
      "available": null,
      "disableFromView": null,
      "preferredSupplier": null,
      "disableFromListory": null,
      "url": "annalisa-diced-tomatoes-with-basil-and-oregano-400-g",
      "supplierProducts": [
        {
          "supplierProductId": 6992,
          "supplierCode": "COLES",
          "supplierName": "Coles",
          "price": 1.1,
          "discount": 0,
          "percentDiscount": 0,
          "perGroupQuantity": 0,
          "perGroupPrice": 0,
          "weightDefinition": "g",
          "cupPrice": 2.75,
          "cupDefinition": "per kg",
          "cupWeight": 400,
          "cupString": "per kg",
          "available": true
        },
        {
          "supplierProductId": 75622,
          "supplierCode": "WOOLIES",
          "supplierName": "Woolworths",
          "price": 1.45,
          "discount": 0,
          "percentDiscount": 0,
          "perGroupQuantity": null,
          "perGroupPrice": null,
          "weightDefinition": "g",
          "cupPrice": 3.62,
          "cupDefinition": "per kg",
          "cupWeight": 400,
          "cupString": "per kg",
          "available": true
        }
      ]
    },
    {
      "id": 6993,
      "category": "Pantry",
      "category1": null,
      "category2": "Canned & Jarred",
      "category3": "Canned Tomatoes",
      "category4": null,
      "category1Url": null,
      "category2Url": null,
      "category3Url": null,
      "category4Url": null,
      "name": "Diced Tomatoes with Basil Garlic & Onion",
      "brand": "Annalisa",
      "brandAndName": "Annalisa Diced Tomatoes with Basil Garlic & Onion ",
      "volumeSize": "400g",
      "imageFileName": null,
      "collected": null,
      "available": null,
      "disableFromView": null,
      "preferredSupplier": null,
      "disableFromListory": null,
      "url": "annalisa-diced-tomatoes-with-basil-garlic-and-onion-400-g",
      "supplierProducts": [
        {
          "supplierProductId": 6993,
          "supplierCode": "COLES",
          "supplierName": "Coles",
          "price": 1.1,
          "discount": 0,
          "percentDiscount": 0,
          "perGroupQuantity": 0,
          "perGroupPrice": 0,
          "weightDefinition": "g",
          "cupPrice": 2.75,
          "cupDefinition": "per kg",
          "cupWeight": 400,
          "cupString": "per kg",
          "available": true
        },
        {
          "supplierProductId": 75623,
          "supplierCode": "WOOLIES",
          "supplierName": "Woolworths",
          "price": 1.45,
          "discount": 0,
          "percentDiscount": 0,
          "perGroupQuantity": null,
          "perGroupPrice": null,
          "weightDefinition": "g",
          "cupPrice": 3.62,
          "cupDefinition": "per kg",
          "cupWeight": 400,
          "cupString": "per kg",
          "available": true
        }
      ]
    },
    {
      "id": 6996,
      "category": "Pantry",
      "category1": null,
      "category2": "Canned & Jarred",
      "category3": "Canned Tomatoes",
      "category4": null,
      "category1Url": null,
      "category2Url": null,
      "category3Url": null,
      "category4Url": null,
      "name": "Pomodorini Cherry Tomatoes",
      "brand": "Cirio",
      "brandAndName": "Cirio Pomodorini Cherry Tomatoes ",
      "volumeSize": "400g",
      "imageFileName": "6996.jpg",
      "collected": null,
      "available": null,
      "disableFromView": null,
      "preferredSupplier": null,
      "disableFromListory": null,
      "url": "cirio-pomodorini-cherry-tomatoes-400-g",
      "supplierProducts": [
        {
          "supplierProductId": 6996,
          "supplierCode": "COLES",
          "supplierName": "Coles",
          "price": 1.65,
          "discount": 0,
          "percentDiscount": 0,
          "perGroupQuantity": 0,
          "perGroupPrice": 0,
          "weightDefinition": "g",
          "cupPrice": 4.12,
          "cupDefinition": "per kg",
          "cupWeight": 400,
          "cupString": "per kg",
          "available": true
        }
      ]
    },
    {
      "id": 8769,
      "category": "Frozen Food",
      "category1": null,
      "category2": "Frozen Vegetables",
      "category3": "Steamed Vegetables",
      "category4": null,
      "category1Url": null,
      "category2Url": null,
      "category3Url": null,
      "category4Url": null,
      "name": "Steam Fresh Plus Frozen Quinoa Brown Rice & Cherry Tomatoes Onion Capsicum Peas",
      "brand": "Birds Eye",
      "brandAndName": "Birds Eye Steam Fresh Plus Frozen Quinoa Brown Rice & Cherry Tomatoes Onion Capsicum Peas ",
      "volumeSize": "400g",
      "imageFileName": "8769.jpg",
      "collected": null,
      "available": null,
      "disableFromView": null,
      "preferredSupplier": null,
      "disableFromListory": null,
      "url": "birds-eye-steam-fresh-plus-frozen-quinoa-brown-rice-and-cherry-tomatoes-onion-capsicum-peas-400-g",
      "supplierProducts": [
        {
          "supplierProductId": 8769,
          "supplierCode": "COLES",
          "supplierName": "Coles",
          "price": 5.5,
          "discount": 0,
          "percentDiscount": 0,
          "perGroupQuantity": null,
          "perGroupPrice": null,
          "weightDefinition": "g",
          "cupPrice": 13.75,
          "cupDefinition": "per kg",
          "cupWeight": 400,
          "cupString": "per kg",
          "available": true
        }
      ]
    },
    {
      "id": 10775,
      "category": "Packaged & Ready Meals",
      "category1": null,
      "category2": "Antipasto",
      "category3": "Antipasto Other",
      "category4": null,
      "category1Url": null,
      "category2Url": null,
      "category3Url": null,
      "category4Url": null,
      "name": "Sundried Tomatoes in Extra Virgin Olive Oil",
      "brand": "Anfosso",
      "brandAndName": "Anfosso Sundried Tomatoes in Extra Virgin Olive Oil ",
      "volumeSize": "180g",
      "imageFileName": null,
      "collected": null,
      "available": null,
      "disableFromView": null,
      "preferredSupplier": null,
      "disableFromListory": null,
      "url": "anfosso-sundried-tomatoes-in-extra-virgin-olive-oil-180-g",
      "supplierProducts": [
        {
          "supplierProductId": 10775,
          "supplierCode": "COLES",
          "supplierName": "Coles",
          "price": 8.36,
          "discount": 0,
          "percentDiscount": 0,
          "perGroupQuantity": null,
          "perGroupPrice": null,
          "weightDefinition": "g",
          "cupPrice": 46.44,
          "cupDefinition": "per kg",
          "cupWeight": 180,
          "cupString": "per kg",
          "available": true
        }
      ]
    },
    {
      "id": 22360,
      "category": "Fruit & Vegetables",
      "category1": null,
      "category2": "Vegetables",
      "category3": "Tomato",
      "category4": null,
      "category1Url": null,
      "category2Url": null,
      "category3Url": null,
      "category4Url": null,
      "name": "Field Tomatoes",
      "brand": null,
      "brandAndName": "Field Tomatoes ",
      "volumeSize": "",
      "imageFileName": "24177.jpg",
      "collected": null,
      "available": null,
      "disableFromView": null,
      "preferredSupplier": null,
      "disableFromListory": null,
      "url": "field-tomatoes-each",
      "supplierProducts": [
        {
          "supplierProductId": 22360,
          "supplierCode": "COLES",
          "supplierName": "Coles",
          "price": 0.76,
          "discount": 0,
          "percentDiscount": 0,
          "perGroupQuantity": null,
          "perGroupPrice": null,
          "weightDefinition": null,
          "cupPrice": 0.76,
          "cupDefinition": "each",
          "cupWeight": null,
          "cupString": "each",
          "available": true
        },
        {
          "supplierProductId": 24177,
          "supplierCode": "WOOLIES",
          "supplierName": "Woolworths",
          "price": 0.9,
          "discount": 0,
          "percentDiscount": 0,
          "perGroupQuantity": null,
          "perGroupPrice": null,
          "weightDefinition": null,
          "cupPrice": 0.9,
          "cupDefinition": "each",
          "cupWeight": null,
          "cupString": "each",
          "available": true
        }
      ]
    },
    {
      "id": 24180,
      "category": "Fruit & Vegetables",
      "category1": null,
      "category2": "Vegetables",
      "category3": "Tomato",
      "category4": null,
      "category1Url": null,
      "category2Url": null,
      "category3Url": null,
      "category4Url": null,
      "name": "Tomato Kumato Grape",
      "brand": null,
      "brandAndName": "Tomato Kumato Grape ",
      "volumeSize": "200g",
      "imageFileName": "24180.jpg",
      "collected": null,
      "available": null,
      "disableFromView": null,
      "preferredSupplier": null,
      "disableFromListory": null,
      "url": "tomato-kumato-grape-punnet-200-g",
      "supplierProducts": [
        {
          "supplierProductId": 24180,
          "supplierCode": "WOOLIES",
          "supplierName": "Woolworths",
          "price": 4.5,
          "discount": 0,
          "percentDiscount": 0,
          "perGroupQuantity": 0,
          "perGroupPrice": 0,
          "weightDefinition": "g",
          "cupPrice": 22.5,
          "cupDefinition": "per kg",
          "cupWeight": 200,
          "cupString": "per kg",
          "available": true
        }
      ]
    },
    {
      "id": 24182,
      "category": "Fruit & Vegetables",
      "category1": null,
      "category2": "Vegetables",
      "category3": "Tomato",
      "category4": null,
      "category1Url": null,
      "category2Url": null,
      "category3Url": null,
      "category4Url": null,
      "name": "Tomato Roma",
      "brand": null,
      "brandAndName": "Tomato Roma ",
      "volumeSize": "1kg",
      "imageFileName": "24182.jpg",
      "collected": null,
      "available": null,
      "disableFromView": null,
      "preferredSupplier": null,
      "disableFromListory": null,
      "url": "tomato-roma-punnet-1000-g",
      "supplierProducts": [
        {
          "supplierProductId": 24182,
          "supplierCode": "WOOLIES",
          "supplierName": "Woolworths",
          "price": 7.8,
          "discount": 0,
          "percentDiscount": 0,
          "perGroupQuantity": null,
          "perGroupPrice": null,
          "weightDefinition": "g",
          "cupPrice": 7.8,
          "cupDefinition": "per kg",
          "cupWeight": 1000,
          "cupString": "per kg",
          "available": true
        }
      ]
    },
    {
      "id": 24183,
      "category": "Fruit & Vegetables",
      "category1": null,
      "category2": "Vegetables",
      "category3": "Tomato",
      "category4": null,
      "category1Url": null,
      "category2Url": null,
      "category3Url": null,
      "category4Url": null,
      "name": "Tomato Roma Mini",
      "brand": null,
      "brandAndName": "Tomato Roma Mini ",
      "volumeSize": "250g",
      "imageFileName": "24183.jpg",
      "collected": null,
      "available": null,
      "disableFromView": null,
      "preferredSupplier": null,
      "disableFromListory": null,
      "url": "tomato-roma-mini-punnet-250-g",
      "supplierProducts": [
        {
          "supplierProductId": 24183,
          "supplierCode": "WOOLIES",
          "supplierName": "Woolworths",
          "price": 4,
          "discount": 0,
          "percentDiscount": 0,
          "perGroupQuantity": 0,
          "perGroupPrice": 0,
          "weightDefinition": "g",
          "cupPrice": 16,
          "cupDefinition": "per kg",
          "cupWeight": 250,
          "cupString": "per kg",
          "available": true
        }
      ]
    },
    {
      "id": 24185,
      "category": "Fruit & Vegetables",
      "category1": null,
      "category2": "Vegetables",
      "category3": "Tomato",
      "category4": null,
      "category1Url": null,
      "category2Url": null,
      "category3Url": null,
      "category4Url": null,
      "name": "Tomato The Odd Bunch",
      "brand": "The Odd Bunch",
      "brandAndName": "The Odd Bunch Tomato The Odd Bunch ",
      "volumeSize": "1kg",
      "imageFileName": "24185.jpg",
      "collected": null,
      "available": null,
      "disableFromView": null,
      "preferredSupplier": null,
      "disableFromListory": null,
      "url": "the-odd-bunch-tomato-the-odd-bunch-punnet-1000-g",
      "supplierProducts": [
        {
          "supplierProductId": 24185,
          "supplierCode": "WOOLIES",
          "supplierName": "Woolworths",
          "price": 3.9,
          "discount": 0,
          "percentDiscount": 0,
          "perGroupQuantity": null,
          "perGroupPrice": null,
          "weightDefinition": "g",
          "cupPrice": 3.9,
          "cupDefinition": "per kg",
          "cupWeight": 1000,
          "cupString": "per kg",
          "available": true
        }
      ]
    },
    {
      "id": 27716,
      "category": "Pantry",
      "category1": null,
      "category2": "Canned & Jarred",
      "category3": "Sundried Tomatoes",
      "category4": null,
      "category1Url": null,
      "category2Url": null,
      "category3Url": null,
      "category4Url": null,
      "name": "Tomatoes Sundried",
      "brand": "Homebrand",
      "brandAndName": "Homebrand Tomatoes Sundried ",
      "volumeSize": "500g",
      "imageFileName": "27716.jpg",
      "collected": null,
      "available": null,
      "disableFromView": null,
      "preferredSupplier": null,
      "disableFromListory": null,
      "url": "homebrand-tomatoes-sundried-500-g",
      "supplierProducts": [
        {
          "supplierProductId": 27716,
          "supplierCode": "WOOLIES",
          "supplierName": "Woolworths",
          "price": 4,
          "discount": 0,
          "percentDiscount": 0,
          "perGroupQuantity": null,
          "perGroupPrice": null,
          "weightDefinition": "g",
          "cupPrice": 8,
          "cupDefinition": "per kg",
          "cupWeight": 500,
          "cupString": "per kg",
          "available": true
        }
      ]
    },
    {
      "id": 27724,
      "category": "Pantry",
      "category1": null,
      "category2": "Canned & Jarred",
      "category3": "Sundried Tomatoes",
      "category4": null,
      "category1Url": null,
      "category2Url": null,
      "category3Url": null,
      "category4Url": null,
      "name": "Tomatoes Semi Dried 97% Fat Free",
      "brand": "Sandhurst",
      "brandAndName": "Sandhurst Tomatoes Semi Dried 97% Fat Free ",
      "volumeSize": "270g",
      "imageFileName": "27724.jpg",
      "collected": null,
      "available": null,
      "disableFromView": null,
      "preferredSupplier": null,
      "disableFromListory": null,
      "url": "sandhurst-tomatoes-semi-dried-97-pct-fat-free-270-g",
      "supplierProducts": [
        {
          "supplierProductId": 27724,
          "supplierCode": "WOOLIES",
          "supplierName": "Woolworths",
          "price": 4.79,
          "discount": 0,
          "percentDiscount": 0,
          "perGroupQuantity": null,
          "perGroupPrice": null,
          "weightDefinition": "g",
          "cupPrice": 17.74,
          "cupDefinition": "per kg",
          "cupWeight": 270,
          "cupString": "per kg",
          "available": true
        }
      ]
    },
    {
      "id": 27843,
      "category": "Pantry",
      "category1": null,
      "category2": "Canned & Jarred",
      "category3": "Canned Tomatoes",
      "category4": null,
      "category1Url": null,
      "category2Url": null,
      "category3Url": null,
      "category4Url": null,
      "name": "Tomatoes Cherry In Tomato Juice",
      "brand": "Annalisa",
      "brandAndName": "Annalisa Tomatoes Cherry In Tomato Juice ",
      "volumeSize": "400g",
      "imageFileName": "27843.jpg",
      "collected": null,
      "available": null,
      "disableFromView": null,
      "preferredSupplier": null,
      "disableFromListory": null,
      "url": "annalisa-tomatoes-cherry-in-tomato-juice-400-g",
      "supplierProducts": [
        {
          "supplierProductId": 27843,
          "supplierCode": "WOOLIES",
          "supplierName": "Woolworths",
          "price": 1.99,
          "discount": 0,
          "percentDiscount": 0,
          "perGroupQuantity": null,
          "perGroupPrice": null,
          "weightDefinition": "g",
          "cupPrice": 4.98,
          "cupDefinition": "per kg",
          "cupWeight": 400,
          "cupString": "per kg",
          "available": true
        }
      ]
    },
    {
      "id": 27874,
      "category": "Pantry",
      "category1": null,
      "category2": "Canned & Jarred",
      "category3": "Canned Tomatoes",
      "category4": null,
      "category1Url": null,
      "category2Url": null,
      "category3Url": null,
      "category4Url": null,
      "name": "Tomatoes Diced Italian",
      "brand": "Woolworths Select",
      "brandAndName": "Woolworths Select Tomatoes Diced Italian ",
      "volumeSize": "800g",
      "imageFileName": "27874.jpg",
      "collected": null,
      "available": null,
      "disableFromView": null,
      "preferredSupplier": null,
      "disableFromListory": null,
      "url": "woolworths-select-tomatoes-diced-italian-800-g",
      "supplierProducts": [
        {
          "supplierProductId": 27874,
          "supplierCode": "WOOLIES",
          "supplierName": "Woolworths",
          "price": 1.5,
          "discount": 0,
          "percentDiscount": 0,
          "perGroupQuantity": 0,
          "perGroupPrice": 0,
          "weightDefinition": "g",
          "cupPrice": 1.88,
          "cupDefinition": "per kg",
          "cupWeight": 800,
          "cupString": "per kg",
          "available": true
        }
      ]
    },
    {
      "id": 27877,
      "category": "Pantry",
      "category1": null,
      "category2": "Canned & Jarred",
      "category3": "Canned Tomatoes",
      "category4": null,
      "category1Url": null,
      "category2Url": null,
      "category3Url": null,
      "category4Url": null,
      "name": "Italian Tomatoes Diced With Basil Garlic & On",
      "brand": "Woolworths Select",
      "brandAndName": "Woolworths Select Italian Tomatoes Diced With Basil Garlic & On ",
      "volumeSize": "405g",
      "imageFileName": "27877.jpg",
      "collected": null,
      "available": null,
      "disableFromView": null,
      "preferredSupplier": null,
      "disableFromListory": null,
      "url": "woolworths-select-italian-tomatoes-diced-with-basil-garlic-and-on-405-g",
      "supplierProducts": [
        {
          "supplierProductId": 27877,
          "supplierCode": "WOOLIES",
          "supplierName": "Woolworths",
          "price": 1.2,
          "discount": 0,
          "percentDiscount": 0,
          "perGroupQuantity": 0,
          "perGroupPrice": 0,
          "weightDefinition": "g",
          "cupPrice": 2.96,
          "cupDefinition": "per kg",
          "cupWeight": 405,
          "cupString": "per kg",
          "available": true
        }
      ]
    },
    {
      "id": 49649,
      "category": "Fruit & Vegetables",
      "category1": null,
      "category2": "Vegetables",
      "category3": "Tomato",
      "category4": null,
      "category1Url": null,
      "category2Url": null,
      "category3Url": null,
      "category4Url": null,
      "name": "Tomato Gourmet",
      "brand": null,
      "brandAndName": "Tomato Gourmet ",
      "volumeSize": "480g",
      "imageFileName": "49649.jpg",
      "collected": null,
      "available": null,
      "disableFromView": null,
      "preferredSupplier": null,
      "disableFromListory": null,
      "url": "tomato-gourmet-punnet-480-g",
      "supplierProducts": [
        {
          "supplierProductId": 49649,
          "supplierCode": "WOOLIES",
          "supplierName": "Woolworths",
          "price": 4.9,
          "discount": 0,
          "percentDiscount": 0,
          "perGroupQuantity": null,
          "perGroupPrice": null,
          "weightDefinition": "g",
          "cupPrice": 10.21,
          "cupDefinition": "per kg",
          "cupWeight": 480,
          "cupString": "per kg",
          "available": true
        }
      ]
    },
    {
      "id": 49969,
      "category": "Fruit & Vegetables",
      "category1": null,
      "category2": "Vegetables",
      "category3": "Tomato",
      "category4": null,
      "category1Url": null,
      "category2Url": null,
      "category3Url": null,
      "category4Url": null,
      "name": "Tomato Truss Sweet Berry",
      "brand": null,
      "brandAndName": "Tomato Truss Sweet Berry ",
      "volumeSize": "130g",
      "imageFileName": "49969.jpg",
      "collected": null,
      "available": null,
      "disableFromView": null,
      "preferredSupplier": null,
      "disableFromListory": null,
      "url": "tomato-truss-sweet-berry-punnet-130-g",
      "supplierProducts": [
        {
          "supplierProductId": 49969,
          "supplierCode": "WOOLIES",
          "supplierName": "Woolworths",
          "price": 3.5,
          "discount": 0,
          "percentDiscount": 0,
          "perGroupQuantity": null,
          "perGroupPrice": null,
          "weightDefinition": "g",
          "cupPrice": 26.92,
          "cupDefinition": "per kg",
          "cupWeight": 130,
          "cupString": "per kg",
          "available": true
        }
      ]
    },
    {
      "id": 53344,
      "category": "Pantry",
      "category1": null,
      "category2": "Canned & Jarred",
      "category3": "Canned Tomatoes",
      "category4": null,
      "category1Url": null,
      "category2Url": null,
      "category3Url": null,
      "category4Url": null,
      "name": "Tomatoes Diced",
      "brand": "SPC",
      "brandAndName": "SPC Tomatoes Diced ",
      "volumeSize": "400g",
      "imageFileName": "53344.jpg",
      "collected": null,
      "available": null,
      "disableFromView": null,
      "preferredSupplier": null,
      "disableFromListory": null,
      "url": "spc-tomatoes-diced-400-g",
      "supplierProducts": [
        {
          "supplierProductId": 53344,
          "supplierCode": "COLES",
          "supplierName": "Coles",
          "price": 1.65,
          "discount": 0,
          "percentDiscount": 0,
          "perGroupQuantity": null,
          "perGroupPrice": null,
          "weightDefinition": "g",
          "cupPrice": 4.12,
          "cupDefinition": "per kg",
          "cupWeight": 400,
          "cupString": "per kg",
          "available": true
        }
      ]
    },
    {
      "id": 53391,
      "category": "Pantry",
      "category1": null,
      "category2": "Canned & Jarred",
      "category3": "Sundried Tomatoes",
      "category4": null,
      "category1Url": null,
      "category2Url": null,
      "category3Url": null,
      "category4Url": null,
      "name": "Sundried Tomatoes Strips",
      "brand": "Always Fresh",
      "brandAndName": "Always Fresh Sundried Tomatoes Strips ",
      "volumeSize": "480g",
      "imageFileName": "53391.jpg",
      "collected": null,
      "available": null,
      "disableFromView": null,
      "preferredSupplier": null,
      "disableFromListory": null,
      "url": "always-fresh-sundried-tomatoes-strips-480-g",
      "supplierProducts": [
        {
          "supplierProductId": 53391,
          "supplierCode": "COLES",
          "supplierName": "Coles",
          "price": 7.7,
          "discount": 0,
          "percentDiscount": 0,
          "perGroupQuantity": null,
          "perGroupPrice": null,
          "weightDefinition": "g",
          "cupPrice": 16.04,
          "cupDefinition": "per kg",
          "cupWeight": 480,
          "cupString": "per kg",
          "available": true
        }
      ]
    },
    {
      "id": 53392,
      "category": "Pantry",
      "category1": null,
      "category2": "Canned & Jarred",
      "category3": "Canned Tomatoes",
      "category4": null,
      "category1Url": null,
      "category2Url": null,
      "category3Url": null,
      "category4Url": null,
      "name": "Sundried Tomatoes Halve",
      "brand": "Always Fresh",
      "brandAndName": "Always Fresh Sundried Tomatoes Halve ",
      "volumeSize": "480g",
      "imageFileName": "53392.jpg",
      "collected": null,
      "available": null,
      "disableFromView": null,
      "preferredSupplier": null,
      "disableFromListory": null,
      "url": "always-fresh-sundried-tomatoes-halve-480-g",
      "supplierProducts": [
        {
          "supplierProductId": 53392,
          "supplierCode": "COLES",
          "supplierName": "Coles",
          "price": 7.7,
          "discount": 0,
          "percentDiscount": 0,
          "perGroupQuantity": null,
          "perGroupPrice": null,
          "weightDefinition": "g",
          "cupPrice": 16.04,
          "cupDefinition": "per kg",
          "cupWeight": 480,
          "cupString": "per kg",
          "available": true
        }
      ]
    },
    {
      "id": 53683,
      "category": "Pantry",
      "category1": null,
      "category2": "Canned & Jarred",
      "category3": "Sundried Tomatoes",
      "category4": null,
      "category1Url": null,
      "category2Url": null,
      "category3Url": null,
      "category4Url": null,
      "name": "Sundried Tomatoes Strips",
      "brand": "Always Fresh",
      "brandAndName": "Always Fresh Sundried Tomatoes Strips ",
      "volumeSize": "220g",
      "imageFileName": "53683.jpg",
      "collected": null,
      "available": null,
      "disableFromView": null,
      "preferredSupplier": null,
      "disableFromListory": null,
      "url": "always-fresh-sundried-tomatoes-strips-220-g",
      "supplierProducts": [
        {
          "supplierProductId": 27740,
          "supplierCode": "WOOLIES",
          "supplierName": "Woolworths",
          "price": 4.2,
          "discount": 0,
          "percentDiscount": 0,
          "perGroupQuantity": null,
          "perGroupPrice": null,
          "weightDefinition": "g",
          "cupPrice": 19.09,
          "cupDefinition": "per kg",
          "cupWeight": 220,
          "cupString": "per kg",
          "available": true
        },
        {
          "supplierProductId": 53683,
          "supplierCode": "COLES",
          "supplierName": "Coles",
          "price": 5.23,
          "discount": 0,
          "percentDiscount": 0,
          "perGroupQuantity": null,
          "perGroupPrice": null,
          "weightDefinition": "g",
          "cupPrice": 23.77,
          "cupDefinition": "per kg",
          "cupWeight": 220,
          "cupString": "per kg",
          "available": true
        }
      ]
    },
    {
      "id": 55502,
      "category": "Fruit & Vegetables",
      "category1": null,
      "category2": "Vegetables",
      "category3": "Tomato",
      "category4": null,
      "category1Url": null,
      "category2Url": null,
      "category3Url": null,
      "category4Url": null,
      "name": "Roma Tomatoes",
      "brand": "Coles Fresh",
      "brandAndName": "Coles Fresh Roma Tomatoes ",
      "volumeSize": "",
      "imageFileName": "521.jpg",
      "collected": null,
      "available": null,
      "disableFromView": null,
      "preferredSupplier": null,
      "disableFromListory": null,
      "url": "coles-fresh-roma-tomatoes-each",
      "supplierProducts": [
        {
          "supplierProductId": 521,
          "supplierCode": "COLES",
          "supplierName": "Coles",
          "price": 0.89,
          "discount": 0,
          "percentDiscount": 0,
          "perGroupQuantity": null,
          "perGroupPrice": null,
          "weightDefinition": null,
          "cupPrice": 0.89,
          "cupDefinition": "each",
          "cupWeight": null,
          "cupString": "each",
          "available": true
        }
      ]
    },
    {
      "id": 55588,
      "category": "Pantry",
      "category1": null,
      "category2": "Canned & Jarred",
      "category3": "Sundried Tomatoes",
      "category4": null,
      "category1Url": null,
      "category2Url": null,
      "category3Url": null,
      "category4Url": null,
      "name": "Semi Dried Tomatoes Lite",
      "brand": "Sandhurst",
      "brandAndName": "Sandhurst Semi Dried Tomatoes Lite ",
      "volumeSize": "270g",
      "imageFileName": "5517.jpg",
      "collected": null,
      "available": null,
      "disableFromView": null,
      "preferredSupplier": null,
      "disableFromListory": null,
      "url": "sandhurst-semi-dried-tomatoes-lite-270-g",
      "supplierProducts": [
        {
          "supplierProductId": 5517,
          "supplierCode": "COLES",
          "supplierName": "Coles",
          "price": 5.06,
          "discount": 0,
          "percentDiscount": 0,
          "perGroupQuantity": null,
          "perGroupPrice": null,
          "weightDefinition": "g",
          "cupPrice": 18.74,
          "cupDefinition": "per kg",
          "cupWeight": 270,
          "cupString": "per kg",
          "available": true
        }
      ]
    },
    {
      "id": 55819,
      "category": "Fruit & Vegetables",
      "category1": null,
      "category2": "Vegetables",
      "category3": "Tomato",
      "category4": null,
      "category1Url": null,
      "category2Url": null,
      "category3Url": null,
      "category4Url": null,
      "name": "Tomato Roma Red",
      "brand": null,
      "brandAndName": "Tomato Roma Red ",
      "volumeSize": "",
      "imageFileName": "48728.jpg",
      "collected": null,
      "available": null,
      "disableFromView": null,
      "preferredSupplier": null,
      "disableFromListory": null,
      "url": "tomato-roma-red-each",
      "supplierProducts": [
        {
          "supplierProductId": 48728,
          "supplierCode": "WOOLIES",
          "supplierName": "Woolworths",
          "price": 0.63,
          "discount": 0,
          "percentDiscount": 0,
          "perGroupQuantity": null,
          "perGroupPrice": null,
          "weightDefinition": null,
          "cupPrice": 0.63,
          "cupDefinition": "each",
          "cupWeight": null,
          "cupString": "each",
          "available": true
        }
      ]
    },
    {
      "id": 56115,
      "category": "Pantry",
      "category1": null,
      "category2": "Canned & Jarred",
      "category3": "Canned Tomatoes",
      "category4": null,
      "category1Url": null,
      "category2Url": null,
      "category3Url": null,
      "category4Url": null,
      "name": "Tomatoes Supreme",
      "brand": "Edgell",
      "brandAndName": "Edgell Tomatoes Supreme ",
      "volumeSize": "300g",
      "imageFileName": "27855.jpg",
      "collected": null,
      "available": null,
      "disableFromView": null,
      "preferredSupplier": null,
      "disableFromListory": null,
      "url": "edgell-tomatoes-supreme-300-g",
      "supplierProducts": [
        {
          "supplierProductId": 27855,
          "supplierCode": "WOOLIES",
          "supplierName": "Woolworths",
          "price": 1.51,
          "discount": 0,
          "percentDiscount": 0,
          "perGroupQuantity": null,
          "perGroupPrice": null,
          "weightDefinition": "g",
          "cupPrice": 5.03,
          "cupDefinition": "per kg",
          "cupWeight": 300,
          "cupString": "per kg",
          "available": true
        }
      ]
    },
    {
      "id": 76825,
      "category": "Packaged & Ready Meals",
      "category1": null,
      "category2": "Antipasto",
      "category3": "Antipasto Other",
      "category4": null,
      "category1Url": null,
      "category2Url": null,
      "category3Url": null,
      "category4Url": null,
      "name": "Semi Dried Tomatoes & Herbs Prepacked",
      "brand": "Woolworths",
      "brandAndName": "Woolworths Semi Dried Tomatoes & Herbs Prepacked ",
      "volumeSize": "180g",
      "imageFileName": null,
      "collected": null,
      "available": null,
      "disableFromView": null,
      "preferredSupplier": null,
      "disableFromListory": null,
      "url": "woolworths-semi-dried-tomatoes-and-herbs-prepacked-180-g",
      "supplierProducts": [
        {
          "supplierProductId": 75794,
          "supplierCode": "WOOLIES",
          "supplierName": "Woolworths",
          "price": 3.98,
          "discount": 0,
          "percentDiscount": 0,
          "perGroupQuantity": null,
          "perGroupPrice": null,
          "weightDefinition": "g",
          "cupPrice": 22.11,
          "cupDefinition": "per kg",
          "cupWeight": 180,
          "cupString": "per kg",
          "available": true
        }
      ]
    },
    {
      "id": 88280,
      "category": "Pantry",
      "category1": null,
      "category2": "Cooking Sauces",
      "category3": "Tomato Pasta Sauce",
      "category4": null,
      "category1Url": null,
      "category2Url": null,
      "category3Url": null,
      "category4Url": null,
      "name": "Sundried Tomatoes With Caramelised Onions Tuna Bake Sauce",
      "brand": "Leggo's",
      "brandAndName": "Leggo's Sundried Tomatoes With Caramelised Onions Tuna Bake Sauce ",
      "volumeSize": "500g",
      "imageFileName": null,
      "collected": null,
      "available": null,
      "disableFromView": null,
      "preferredSupplier": null,
      "disableFromListory": null,
      "url": "leggos-sundried-tomatoes-with-caramelised-onions-tuna-bake-sauce-500-g",
      "supplierProducts": [
        {
          "supplierProductId": 87222,
          "supplierCode": "COLES",
          "supplierName": "Coles",
          "price": 4.13,
          "discount": 0,
          "percentDiscount": 0,
          "perGroupQuantity": null,
          "perGroupPrice": null,
          "weightDefinition": "g",
          "cupPrice": 8.26,
          "cupDefinition": "per kg",
          "cupWeight": 500,
          "cupString": "per kg",
          "available": true
        }
      ]
    },
    {
      "id": 89694,
      "category": "Pantry",
      "category1": null,
      "category2": "Canned & Jarred",
      "category3": "Canned Tomatoes",
      "category4": null,
      "category1Url": null,
      "category2Url": null,
      "category3Url": null,
      "category4Url": null,
      "name": "Tomatoes Peeled Italian",
      "brand": "Woolworths Select",
      "brandAndName": "Woolworths Select Tomatoes Peeled Italian ",
      "volumeSize": "400g",
      "imageFileName": "27875.jpg",
      "collected": null,
      "available": null,
      "disableFromView": null,
      "preferredSupplier": null,
      "disableFromListory": null,
      "url": "woolworths-select-tomatoes-peeled-italian-400-g",
      "supplierProducts": [
        {
          "supplierProductId": 27875,
          "supplierCode": "WOOLIES",
          "supplierName": "Woolworths",
          "price": 0.8,
          "discount": 0,
          "percentDiscount": 0,
          "perGroupQuantity": null,
          "perGroupPrice": null,
          "weightDefinition": "g",
          "cupPrice": 2,
          "cupDefinition": "per kg",
          "cupWeight": 400,
          "cupString": "per kg",
          "available": true
        }
      ]
    },
    {
      "id": 89695,
      "category": "Pantry",
      "category1": null,
      "category2": "Canned & Jarred",
      "category3": "Canned Tomatoes",
      "category4": null,
      "category1Url": null,
      "category2Url": null,
      "category3Url": null,
      "category4Url": null,
      "name": "Tomatoes Diced Italian",
      "brand": "Woolworths Select",
      "brandAndName": "Woolworths Select Tomatoes Diced Italian ",
      "volumeSize": "400g",
      "imageFileName": "27873.jpg",
      "collected": null,
      "available": null,
      "disableFromView": null,
      "preferredSupplier": null,
      "disableFromListory": null,
      "url": "woolworths-select-tomatoes-diced-italian-400-g",
      "supplierProducts": [
        {
          "supplierProductId": 27873,
          "supplierCode": "WOOLIES",
          "supplierName": "Woolworths",
          "price": 0.8,
          "discount": 0,
          "percentDiscount": 0,
          "perGroupQuantity": null,
          "perGroupPrice": null,
          "weightDefinition": "g",
          "cupPrice": 2,
          "cupDefinition": "per kg",
          "cupWeight": 400,
          "cupString": "per kg",
          "available": true
        }
      ]
    },
    {
      "id": 89770,
      "category": "Pantry",
      "category1": null,
      "category2": "Canned & Jarred",
      "category3": "Sundried Tomatoes",
      "category4": null,
      "category1Url": null,
      "category2Url": null,
      "category3Url": null,
      "category4Url": null,
      "name": "Tomatoes Sundried",
      "brand": "Woolworths Select",
      "brandAndName": "Woolworths Select Tomatoes Sundried ",
      "volumeSize": "270g",
      "imageFileName": "27730.jpg",
      "collected": null,
      "available": null,
      "disableFromView": null,
      "preferredSupplier": null,
      "disableFromListory": null,
      "url": "woolworths-select-tomatoes-sundried-270-g",
      "supplierProducts": [
        {
          "supplierProductId": 27730,
          "supplierCode": "WOOLIES",
          "supplierName": "Woolworths",
          "price": 3.5,
          "discount": 0,
          "percentDiscount": 0,
          "perGroupQuantity": null,
          "perGroupPrice": null,
          "weightDefinition": "g",
          "cupPrice": 12.96,
          "cupDefinition": "per kg",
          "cupWeight": 270,
          "cupString": "per kg",
          "available": true
        }
      ]
    },
    {
      "id": 89790,
      "category": "Pantry",
      "category1": null,
      "category2": "Canned & Jarred",
      "category3": "Canned Tomatoes",
      "category4": null,
      "category1Url": null,
      "category2Url": null,
      "category3Url": null,
      "category4Url": null,
      "name": "Tomatoes Diced",
      "brand": "Homebrand",
      "brandAndName": "Homebrand Tomatoes Diced ",
      "volumeSize": "400g",
      "imageFileName": "27857.jpg",
      "collected": null,
      "available": null,
      "disableFromView": null,
      "preferredSupplier": null,
      "disableFromListory": null,
      "url": "homebrand-tomatoes-diced-400-g",
      "supplierProducts": [
        {
          "supplierProductId": 27857,
          "supplierCode": "WOOLIES",
          "supplierName": "Woolworths",
          "price": 0.6,
          "discount": 0,
          "percentDiscount": 0,
          "perGroupQuantity": 0,
          "perGroupPrice": 0,
          "weightDefinition": "g",
          "cupPrice": 1.5,
          "cupDefinition": "per kg",
          "cupWeight": 400,
          "cupString": "per kg",
          "available": true
        }
      ]
    },
    {
      "id": 89901,
      "category": "Pantry",
      "category1": null,
      "category2": "Canned & Jarred",
      "category3": "Canned Tomatoes",
      "category4": null,
      "category1Url": null,
      "category2Url": null,
      "category3Url": null,
      "category4Url": null,
      "name": "Organic Tomatoes Diced No Added Salt",
      "brand": "Macro",
      "brandAndName": "Macro Organic Tomatoes Diced No Added Salt ",
      "volumeSize": "400g",
      "imageFileName": "27859.jpg",
      "collected": null,
      "available": null,
      "disableFromView": null,
      "preferredSupplier": null,
      "disableFromListory": null,
      "url": "macro-organic-tomatoes-diced-no-added-salt-400-g",
      "supplierProducts": [
        {
          "supplierProductId": 27859,
          "supplierCode": "WOOLIES",
          "supplierName": "Woolworths",
          "price": 1.1,
          "discount": 0,
          "percentDiscount": 0,
          "perGroupQuantity": 0,
          "perGroupPrice": 0,
          "weightDefinition": "g",
          "cupPrice": 2.75,
          "cupDefinition": "per kg",
          "cupWeight": 400,
          "cupString": "per kg",
          "available": true
        }
      ]
    },
    {
      "id": 90136,
      "category": "Pantry",
      "category1": null,
      "category2": "Canned & Jarred",
      "category3": "Canned Tomatoes",
      "category4": null,
      "category1Url": null,
      "category2Url": null,
      "category3Url": null,
      "category4Url": null,
      "name": "Whole Peeled Italian Tomatoes",
      "brand": "Coles",
      "brandAndName": "Coles Whole Peeled Italian Tomatoes ",
      "volumeSize": "800g",
      "imageFileName": "6977.jpg",
      "collected": null,
      "available": null,
      "disableFromView": null,
      "preferredSupplier": null,
      "disableFromListory": null,
      "url": "coles-whole-peeled-italian-tomatoes-800-g",
      "supplierProducts": [
        {
          "supplierProductId": 6977,
          "supplierCode": "COLES",
          "supplierName": "Coles",
          "price": 1.5,
          "discount": 0,
          "percentDiscount": 0,
          "perGroupQuantity": 0,
          "perGroupPrice": 0,
          "weightDefinition": "g",
          "cupPrice": 1.88,
          "cupDefinition": "per kg",
          "cupWeight": 800,
          "cupString": "per kg",
          "available": true
        }
      ]
    },
    {
      "id": 90317,
      "category": "Packaged & Ready Meals",
      "category1": null,
      "category2": "Antipasto",
      "category3": "Antipasto Other",
      "category4": null,
      "category1Url": null,
      "category2Url": null,
      "category3Url": null,
      "category4Url": null,
      "name": "Semi Dried Tomatoes 97% Fat Free",
      "brand": "Woolworths",
      "brandAndName": "Woolworths Semi Dried Tomatoes 97% Fat Free ",
      "volumeSize": "4kg",
      "imageFileName": null,
      "collected": null,
      "available": null,
      "disableFromView": null,
      "preferredSupplier": null,
      "disableFromListory": null,
      "url": "woolworths-semi-dried-tomatoes-97-pct-fat-free-4000-g",
      "supplierProducts": [
        {
          "supplierProductId": 88617,
          "supplierCode": "WOOLIES",
          "supplierName": "Woolworths",
          "price": 25,
          "discount": 0,
          "percentDiscount": 0,
          "perGroupQuantity": null,
          "perGroupPrice": null,
          "weightDefinition": "g",
          "cupPrice": 6.25,
          "cupDefinition": "per kg",
          "cupWeight": 4000,
          "cupString": "per kg",
          "available": true
        }
      ]
    },
    {
      "id": 90404,
      "category": "Pantry",
      "category1": null,
      "category2": "Canned & Jarred",
      "category3": "Canned Tomatoes",
      "category4": null,
      "category1Url": null,
      "category2Url": null,
      "category3Url": null,
      "category4Url": null,
      "name": "Crushed Tomatoes 100% Australian",
      "brand": "Woolworths",
      "brandAndName": "Woolworths Crushed Tomatoes 100% Australian ",
      "volumeSize": "400g",
      "imageFileName": null,
      "collected": null,
      "available": null,
      "disableFromView": null,
      "preferredSupplier": null,
      "disableFromListory": null,
      "url": "woolworths-crushed-tomatoes-100-pct-australian-400-g",
      "supplierProducts": [
        {
          "supplierProductId": 88704,
          "supplierCode": "WOOLIES",
          "supplierName": "Woolworths",
          "price": 1,
          "discount": 0,
          "percentDiscount": 0,
          "perGroupQuantity": null,
          "perGroupPrice": null,
          "weightDefinition": "g",
          "cupPrice": 2.5,
          "cupDefinition": "per kg",
          "cupWeight": 400,
          "cupString": "per kg",
          "available": true
        }
      ]
    },
    {
      "id": 91799,
      "category": "Pantry",
      "category1": null,
      "category2": "Canned & Jarred",
      "category3": "Canned Tomatoes",
      "category4": null,
      "category1Url": null,
      "category2Url": null,
      "category3Url": null,
      "category4Url": null,
      "name": "Polpa Tomatoes Finely Chopped",
      "brand": "Mutti",
      "brandAndName": "Mutti Polpa Tomatoes Finely Chopped ",
      "volumeSize": "400g x 2 pack",
      "imageFileName": "6932.jpg",
      "collected": null,
      "available": null,
      "disableFromView": null,
      "preferredSupplier": null,
      "disableFromListory": null,
      "url": "mutti-polpa-tomatoes-finely-chopped-2-pack-400-g",
      "supplierProducts": [
        {
          "supplierProductId": 6932,
          "supplierCode": "COLES",
          "supplierName": "Coles",
          "price": 3.03,
          "discount": 0,
          "percentDiscount": 0,
          "perGroupQuantity": null,
          "perGroupPrice": null,
          "weightDefinition": "g",
          "cupPrice": 3.79,
          "cupDefinition": "per kg",
          "cupWeight": 400,
          "cupString": "per kg",
          "available": true
        }
      ]
    },
    {
      "id": 520,
      "category": "Fruit & Vegetables",
      "category1": null,
      "category2": "Vegetables",
      "category3": "Tomato",
      "category4": null,
      "category1Url": null,
      "category2Url": null,
      "category3Url": null,
      "category4Url": null,
      "name": "Cherry Tomatoes Prepacked",
      "brand": null,
      "brandAndName": "Cherry Tomatoes Prepacked ",
      "volumeSize": "250g",
      "imageFileName": "44638.jpg",
      "collected": null,
      "available": null,
      "disableFromView": null,
      "preferredSupplier": null,
      "disableFromListory": null,
      "url": "cherry-tomatoes-prepacked-250-g",
      "supplierProducts": [
        {
          "supplierProductId": 44638,
          "supplierCode": "WOOLIES",
          "supplierName": "Woolworths",
          "price": 3.5,
          "discount": 0,
          "percentDiscount": 0,
          "perGroupQuantity": null,
          "perGroupPrice": null,
          "weightDefinition": "g",
          "cupPrice": 14,
          "cupDefinition": "per kg",
          "cupWeight": 250,
          "cupString": "per kg",
          "available": true
        },
        {
          "supplierProductId": 520,
          "supplierCode": "COLES",
          "supplierName": "Coles",
          "price": 3,
          "discount": 0,
          "percentDiscount": 0,
          "perGroupQuantity": null,
          "perGroupPrice": null,
          "weightDefinition": "g",
          "cupPrice": 12,
          "cupDefinition": "per kg",
          "cupWeight": 250,
          "cupString": "per kg",
          "available": true
        }
      ]
    },
    {
      "id": 522,
      "category": "Fruit & Vegetables",
      "category1": null,
      "category2": "Vegetables",
      "category3": "Tomato",
      "category4": null,
      "category1Url": null,
      "category2Url": null,
      "category3Url": null,
      "category4Url": null,
      "name": "Grape Perino Tomatoes Prepacked",
      "brand": null,
      "brandAndName": "Grape Perino Tomatoes Prepacked ",
      "volumeSize": "200g",
      "imageFileName": "24179.jpg",
      "collected": null,
      "available": null,
      "disableFromView": null,
      "preferredSupplier": null,
      "disableFromListory": null,
      "url": "grape-perino-tomatoes-prepacked-200-g",
      "supplierProducts": [
        {
          "supplierProductId": 24179,
          "supplierCode": "WOOLIES",
          "supplierName": "Woolworths",
          "price": 3.9,
          "discount": 0,
          "percentDiscount": 0,
          "perGroupQuantity": null,
          "perGroupPrice": null,
          "weightDefinition": "g",
          "cupPrice": 19.5,
          "cupDefinition": "per kg",
          "cupWeight": 200,
          "cupString": "per kg",
          "available": true
        },
        {
          "supplierProductId": 522,
          "supplierCode": "COLES",
          "supplierName": "Coles",
          "price": 4.5,
          "discount": 0,
          "percentDiscount": 0,
          "perGroupQuantity": null,
          "perGroupPrice": null,
          "weightDefinition": "g",
          "cupPrice": 22.5,
          "cupDefinition": "per kg",
          "cupWeight": 200,
          "cupString": "per kg",
          "available": true
        }
      ]
    },
    {
      "id": 523,
      "category": "Fruit & Vegetables",
      "category1": null,
      "category2": "Vegetables",
      "category3": "Tomato",
      "category4": null,
      "category1Url": null,
      "category2Url": null,
      "category3Url": null,
      "category4Url": null,
      "name": "Greenhouse Truss Tomatoes",
      "brand": null,
      "brandAndName": "Greenhouse Truss Tomatoes ",
      "volumeSize": "",
      "imageFileName": "24186.jpg",
      "collected": null,
      "available": null,
      "disableFromView": null,
      "preferredSupplier": null,
      "disableFromListory": null,
      "url": "greenhouse-truss-tomatoes-each",
      "supplierProducts": [
        {
          "supplierProductId": 24186,
          "supplierCode": "WOOLIES",
          "supplierName": "Woolworths",
          "price": 1.22,
          "discount": 0,
          "percentDiscount": 0,
          "perGroupQuantity": null,
          "perGroupPrice": null,
          "weightDefinition": null,
          "cupPrice": 1.22,
          "cupDefinition": "each",
          "cupWeight": null,
          "cupString": "each",
          "available": true
        },
        {
          "supplierProductId": 523,
          "supplierCode": "COLES",
          "supplierName": "Coles",
          "price": 0.91,
          "discount": 0,
          "percentDiscount": 0,
          "perGroupQuantity": null,
          "perGroupPrice": null,
          "weightDefinition": null,
          "cupPrice": 0.91,
          "cupDefinition": "each",
          "cupWeight": null,
          "cupString": "each",
          "available": true
        }
      ]
    }
  ],
  "isLastPage": false,
  "ageRestriction": null,
  "postcode": 411,
  "hasDOB": false,
  "underAge": false,
  "filters": [
    {
      "code": "BRAND",
      "metaDatas": [
        {
          "name": "Always Fresh",
          "url": null,
          "count": 3,
          "id": null,
          "parentId": null,
          "level": null
        },
        {
          "name": "Anfosso",
          "url": null,
          "count": 1,
          "id": null,
          "parentId": null,
          "level": null
        },
        {
          "name": "Annalisa",
          "url": null,
          "count": 6,
          "id": null,
          "parentId": null,
          "level": null
        },
        {
          "name": "Ardmona",
          "url": null,
          "count": 7,
          "id": null,
          "parentId": null,
          "level": null
        },
        {
          "name": "Birds Eye",
          "url": null,
          "count": 1,
          "id": null,
          "parentId": null,
          "level": null
        },
        {
          "name": "Cirio",
          "url": null,
          "count": 1,
          "id": null,
          "parentId": null,
          "level": null
        },
        {
          "name": "Coles",
          "url": null,
          "count": 10,
          "id": null,
          "parentId": null,
          "level": null
        },
        {
          "name": "Coles Fresh",
          "url": null,
          "count": 4,
          "id": null,
          "parentId": null,
          "level": null
        },
        {
          "name": "Coles Smart Buy",
          "url": null,
          "count": 2,
          "id": null,
          "parentId": null,
          "level": null
        },
        {
          "name": "Edgell",
          "url": null,
          "count": 1,
          "id": null,
          "parentId": null,
          "level": null
        },
        {
          "name": "Homebrand",
          "url": null,
          "count": 2,
          "id": null,
          "parentId": null,
          "level": null
        },
        {
          "name": "Hoyts",
          "url": null,
          "count": 2,
          "id": null,
          "parentId": null,
          "level": null
        },
        {
          "name": "Leggo's",
          "url": null,
          "count": 1,
          "id": null,
          "parentId": null,
          "level": null
        },
        {
          "name": "Macro",
          "url": null,
          "count": 1,
          "id": null,
          "parentId": null,
          "level": null
        },
        {
          "name": "Mutti",
          "url": null,
          "count": 1,
          "id": null,
          "parentId": null,
          "level": null
        },
        {
          "name": "Sandhurst",
          "url": null,
          "count": 4,
          "id": null,
          "parentId": null,
          "level": null
        },
        {
          "name": "SPC",
          "url": null,
          "count": 1,
          "id": null,
          "parentId": null,
          "level": null
        },
        {
          "name": "The Odd Bunch",
          "url": null,
          "count": 1,
          "id": null,
          "parentId": null,
          "level": null
        },
        {
          "name": "Woolworths",
          "url": null,
          "count": 3,
          "id": null,
          "parentId": null,
          "level": null
        },
        {
          "name": "Woolworths Select",
          "url": null,
          "count": 6,
          "id": null,
          "parentId": null,
          "level": null
        }
      ]
    },
    {
      "code": "CATEGORY1",
      "metaDatas": [
        {
          "name": "Frozen Food",
          "url": "frozen-food",
          "count": 1,
          "id": 40421,
          "parentId": null,
          "level": 1
        },
        {
          "name": "Fruit & Vegetables",
          "url": "fruit-vegetables",
          "count": 17,
          "id": 40544,
          "parentId": null,
          "level": 1
        },
        {
          "name": "Packaged & Ready Meals",
          "url": "packaged-ready-meals",
          "count": 3,
          "id": 40412,
          "parentId": null,
          "level": 1
        },
        {
          "name": "Pantry",
          "url": "pantry",
          "count": 49,
          "id": 40065,
          "parentId": null,
          "level": 1
        }
      ]
    },
    {
      "code": "CATEGORY2",
      "metaDatas": [
        {
          "name": "Antipasto",
          "url": "antipasto",
          "count": 3,
          "id": 40707,
          "parentId": 40412,
          "level": 2
        },
        {
          "name": "Canned & Jarred",
          "url": "canned-jarred",
          "count": 48,
          "id": 40839,
          "parentId": 40065,
          "level": 2
        },
        {
          "name": "Cooking Sauces",
          "url": "cooking-sauces",
          "count": 1,
          "id": 40143,
          "parentId": 40065,
          "level": 2
        },
        {
          "name": "Frozen Vegetables",
          "url": "frozen-vegetables",
          "count": 1,
          "id": 40441,
          "parentId": 40421,
          "level": 2
        },
        {
          "name": "Vegetables",
          "url": "vegetables",
          "count": 17,
          "id": 40607,
          "parentId": 40544,
          "level": 2
        }
      ]
    },
    {
      "code": "CATEGORY3",
      "metaDatas": [
        {
          "name": "Antipasto Other",
          "url": "antipasto-other",
          "count": 3,
          "id": 40708,
          "parentId": 40707,
          "level": 2
        },
        {
          "name": "Canned Tomatoes",
          "url": "canned-tomatoes",
          "count": 37,
          "id": 40893,
          "parentId": 40839,
          "level": 2
        },
        {
          "name": "Steamed Vegetables",
          "url": "steamed-vegetables",
          "count": 1,
          "id": 40442,
          "parentId": 40441,
          "level": 2
        },
        {
          "name": "Sundried Tomatoes",
          "url": "sundried-tomatoes",
          "count": 11,
          "id": 40921,
          "parentId": 40839,
          "level": 2
        },
        {
          "name": "Tomato",
          "url": "tomato",
          "count": 17,
          "id": 40648,
          "parentId": 40607,
          "level": 2
        },
        {
          "name": "Tomato Pasta Sauce",
          "url": "tomato-pasta-sauce",
          "count": 1,
          "id": 41126,
          "parentId": 40143,
          "level": 2
        }
      ]
    },
    {
      "code": "VOLUMESIZE",
      "metaDatas": [
        {
          "name": "1000g ",
          "url": null,
          "count": 3,
          "id": null,
          "parentId": null,
          "level": 0
        },
        {
          "name": "125g ",
          "url": null,
          "count": 1,
          "id": null,
          "parentId": null,
          "level": 0
        },
        {
          "name": "130g ",
          "url": null,
          "count": 1,
          "id": null,
          "parentId": null,
          "level": 0
        },
        {
          "name": "1700g ",
          "url": null,
          "count": 1,
          "id": null,
          "parentId": null,
          "level": 0
        },
        {
          "name": "180g ",
          "url": null,
          "count": 2,
          "id": null,
          "parentId": null,
          "level": 0
        },
        {
          "name": "200g ",
          "url": null,
          "count": 5,
          "id": null,
          "parentId": null,
          "level": 0
        },
        {
          "name": "220g ",
          "url": null,
          "count": 1,
          "id": null,
          "parentId": null,
          "level": 0
        },
        {
          "name": "250g ",
          "url": null,
          "count": 2,
          "id": null,
          "parentId": null,
          "level": 0
        },
        {
          "name": "270g ",
          "url": null,
          "count": 4,
          "id": null,
          "parentId": null,
          "level": 0
        },
        {
          "name": "280g ",
          "url": null,
          "count": 1,
          "id": null,
          "parentId": null,
          "level": 0
        },
        {
          "name": "300g ",
          "url": null,
          "count": 1,
          "id": null,
          "parentId": null,
          "level": 0
        },
        {
          "name": "4000g ",
          "url": null,
          "count": 1,
          "id": null,
          "parentId": null,
          "level": 0
        },
        {
          "name": "400g ",
          "url": null,
          "count": 25,
          "id": null,
          "parentId": null,
          "level": 0
        },
        {
          "name": "400g 2 pack",
          "url": null,
          "count": 1,
          "id": null,
          "parentId": null,
          "level": 0
        },
        {
          "name": "405g ",
          "url": null,
          "count": 1,
          "id": null,
          "parentId": null,
          "level": 0
        },
        {
          "name": "410g ",
          "url": null,
          "count": 4,
          "id": null,
          "parentId": null,
          "level": 0
        },
        {
          "name": "480g ",
          "url": null,
          "count": 3,
          "id": null,
          "parentId": null,
          "level": 0
        },
        {
          "name": "500g ",
          "url": null,
          "count": 4,
          "id": null,
          "parentId": null,
          "level": 0
        },
        {
          "name": "800g ",
          "url": null,
          "count": 4,
          "id": null,
          "parentId": null,
          "level": 0
        },
        {
          "name": "810g ",
          "url": null,
          "count": 1,
          "id": null,
          "parentId": null,
          "level": 0
        },
        {
          "name": "each",
          "url": null,
          "count": 4,
          "id": null,
          "parentId": null,
          "level": 0
        }
      ]
    }
  ]
}
