{
  "hits": 44,
  "items": [
    {
      "id": 15612,
      "category": "Health & Beauty",
      "category1": null,
      "category2": "Bath & Shower",
      "category3": "Hand Wash",
      "category4": null,
      "category1Url": null,
      "category2Url": null,
      "category3Url": null,
      "category4Url": null,
      "name": "No Touch Liquid Hand Wash Stainless Steel",
      "brand": "Dettol",
      "brandAndName": "Dettol No Touch Liquid Hand Wash Stainless Steel ",
      "volumeSize": "",
      "imageFileName": "35437.jpg",
      "collected": null,
      "available": null,
      "disableFromView": null,
      "preferredSupplier": null,
      "disableFromListory": null,
      "url": "dettol-no-touch-liquid-hand-wash-stainless-steel-each",
      "supplierProducts": [
        {
          "supplierProductId": 15612,
          "supplierCode": "COLES",
          "supplierName": "Coles",
          "price": 16.5,
          "discount": 0,
          "percentDiscount": 0,
          "perGroupQuantity": null,
          "perGroupPrice": null,
          "weightDefinition": null,
          "cupPrice": 16.5,
          "cupDefinition": "each",
          "cupWeight": null,
          "cupString": "each",
          "available": true
        }
      ]
    },
    {
      "id": 15617,
      "category": "Health & Beauty",
      "category1": null,
      "category2": "Bath & Shower",
      "category3": "Hand Wash",
      "category4": null,
      "category1Url": null,
      "category2Url": null,
      "category3Url": null,
      "category4Url": null,
      "name": "Rose and Cherry Touch of Foam Hand Wash",
      "brand": "Dettol",
      "brandAndName": "Dettol Rose and Cherry Touch of Foam Hand Wash ",
      "volumeSize": "250ml",
      "imageFileName": "35426.jpg",
      "collected": null,
      "available": null,
      "disableFromView": null,
      "preferredSupplier": null,
      "disableFromListory": null,
      "url": "dettol-rose-and-cherry-touch-of-foam-hand-wash-250-ml",
      "supplierProducts": [
        {
          "supplierProductId": 35426,
          "supplierCode": "WOOLIES",
          "supplierName": "Woolworths",
          "price": 3,
          "discount": 0,
          "percentDiscount": 0,
          "perGroupQuantity": 0,
          "perGroupPrice": 0,
          "weightDefinition": "ml",
          "cupPrice": 12,
          "cupDefinition": "per L",
          "cupWeight": 250,
          "cupString": "per L",
          "available": true
        },
        {
          "supplierProductId": 15617,
          "supplierCode": "COLES",
          "supplierName": "Coles",
          "price": 3.85,
          "discount": 0,
          "percentDiscount": 0,
          "perGroupQuantity": null,
          "perGroupPrice": null,
          "weightDefinition": "ml",
          "cupPrice": 15.4,
          "cupDefinition": "per L",
          "cupWeight": 250,
          "cupString": "per L",
          "available": true
        }
      ]
    },
    {
      "id": 15618,
      "category": "Health & Beauty",
      "category1": null,
      "category2": "Bath & Shower",
      "category3": "Hand Wash",
      "category4": null,
      "category1Url": null,
      "category2Url": null,
      "category3Url": null,
      "category4Url": null,
      "name": "Fig & Coconut Foaming Hand Wash",
      "brand": "Palmolive",
      "brandAndName": "Palmolive Fig & Coconut Foaming Hand Wash ",
      "volumeSize": "250ml",
      "imageFileName": "15618.jpg",
      "collected": null,
      "available": null,
      "disableFromView": null,
      "preferredSupplier": null,
      "disableFromListory": null,
      "url": "palmolive-fig-and-coconut-foaming-hand-wash-250-ml",
      "supplierProducts": [
        {
          "supplierProductId": 35455,
          "supplierCode": "WOOLIES",
          "supplierName": "Woolworths",
          "price": 3.5,
          "discount": 0,
          "percentDiscount": 0,
          "perGroupQuantity": null,
          "perGroupPrice": null,
          "weightDefinition": "ml",
          "cupPrice": 14,
          "cupDefinition": "per L",
          "cupWeight": 250,
          "cupString": "per L",
          "available": true
        },
        {
          "supplierProductId": 15618,
          "supplierCode": "COLES",
          "supplierName": "Coles",
          "price": 3.85,
          "discount": 0,
          "percentDiscount": 0,
          "perGroupQuantity": null,
          "perGroupPrice": null,
          "weightDefinition": "ml",
          "cupPrice": 15.4,
          "cupDefinition": "per L",
          "cupWeight": 250,
          "cupString": "per L",
          "available": true
        }
      ]
    },
    {
      "id": 15624,
      "category": "Health & Beauty",
      "category1": null,
      "category2": "Bath & Shower",
      "category3": "Hand Wash",
      "category4": null,
      "category1Url": null,
      "category2Url": null,
      "category3Url": null,
      "category4Url": null,
      "name": "Raspberry Heavenly Hands Foaming Hand Wash",
      "brand": "Palmolive",
      "brandAndName": "Palmolive Raspberry Heavenly Hands Foaming Hand Wash ",
      "volumeSize": "250ml",
      "imageFileName": "35469.jpg",
      "collected": null,
      "available": null,
      "disableFromView": null,
      "preferredSupplier": null,
      "disableFromListory": null,
      "url": "palmolive-raspberry-heavenly-hands-foaming-hand-wash-250-ml",
      "supplierProducts": [
        {
          "supplierProductId": 35469,
          "supplierCode": "WOOLIES",
          "supplierName": "Woolworths",
          "price": 3.5,
          "discount": 0,
          "percentDiscount": 0,
          "perGroupQuantity": null,
          "perGroupPrice": null,
          "weightDefinition": "ml",
          "cupPrice": 14,
          "cupDefinition": "per L",
          "cupWeight": 250,
          "cupString": "per L",
          "available": true
        },
        {
          "supplierProductId": 15624,
          "supplierCode": "COLES",
          "supplierName": "Coles",
          "price": 3.85,
          "discount": 0,
          "percentDiscount": 0,
          "perGroupQuantity": null,
          "perGroupPrice": null,
          "weightDefinition": "ml",
          "cupPrice": 15.4,
          "cupDefinition": "per L",
          "cupWeight": 250,
          "cupString": "per L",
          "available": true
        }
      ]
    },
    {
      "id": 15631,
      "category": "Health & Beauty",
      "category1": null,
      "category2": "Bath & Shower",
      "category3": "Hand Wash",
      "category4": null,
      "category1Url": null,
      "category2Url": null,
      "category3Url": null,
      "category4Url": null,
      "name": "Antibacterial Foaming Lime & Mint Hand Wash",
      "brand": "Palmolive",
      "brandAndName": "Palmolive Antibacterial Foaming Lime & Mint Hand Wash ",
      "volumeSize": "250ml",
      "imageFileName": "15631.jpg",
      "collected": null,
      "available": null,
      "disableFromView": null,
      "preferredSupplier": null,
      "disableFromListory": null,
      "url": "palmolive-antibacterial-foaming-lime-and-mint-hand-wash-250-ml",
      "supplierProducts": [
        {
          "supplierProductId": 35465,
          "supplierCode": "WOOLIES",
          "supplierName": "Woolworths",
          "price": 3.5,
          "discount": 0,
          "percentDiscount": 0,
          "perGroupQuantity": null,
          "perGroupPrice": null,
          "weightDefinition": "ml",
          "cupPrice": 14,
          "cupDefinition": "per L",
          "cupWeight": 250,
          "cupString": "per L",
          "available": true
        },
        {
          "supplierProductId": 15631,
          "supplierCode": "COLES",
          "supplierName": "Coles",
          "price": 3.85,
          "discount": 0,
          "percentDiscount": 0,
          "perGroupQuantity": null,
          "perGroupPrice": null,
          "weightDefinition": "ml",
          "cupPrice": 15.4,
          "cupDefinition": "per L",
          "cupWeight": 250,
          "cupString": "per L",
          "available": true
        }
      ]
    },
    {
      "id": 15634,
      "category": "Health & Beauty",
      "category1": null,
      "category2": "Bath & Shower",
      "category3": "Hand Wash",
      "category4": null,
      "category1Url": null,
      "category2Url": null,
      "category3Url": null,
      "category4Url": null,
      "name": "Milk & Honey Liquid Softwash Pump",
      "brand": "Palmolive",
      "brandAndName": "Palmolive Milk & Honey Liquid Softwash Pump ",
      "volumeSize": "250ml",
      "imageFileName": "35457.jpg",
      "collected": null,
      "available": null,
      "disableFromView": null,
      "preferredSupplier": null,
      "disableFromListory": null,
      "url": "palmolive-milk-and-honey-liquid-softwash-pump-250-ml",
      "supplierProducts": [
        {
          "supplierProductId": 15634,
          "supplierCode": "COLES",
          "supplierName": "Coles",
          "price": 3.08,
          "discount": 0,
          "percentDiscount": 0,
          "perGroupQuantity": null,
          "perGroupPrice": null,
          "weightDefinition": "ml",
          "cupPrice": 12.32,
          "cupDefinition": "per L",
          "cupWeight": 250,
          "cupString": "per L",
          "available": true
        }
      ]
    },
    {
      "id": 15637,
      "category": "Health & Beauty",
      "category1": null,
      "category2": "Bath & Shower",
      "category3": "Hand Wash",
      "category4": null,
      "category1Url": null,
      "category2Url": null,
      "category3Url": null,
      "category4Url": null,
      "name": "Vanilla Coconut Liquid Hand Wash Pump",
      "brand": "Dettol",
      "brandAndName": "Dettol Vanilla Coconut Liquid Hand Wash Pump ",
      "volumeSize": "250ml",
      "imageFileName": "35434.jpg",
      "collected": null,
      "available": null,
      "disableFromView": null,
      "preferredSupplier": null,
      "disableFromListory": null,
      "url": "dettol-vanilla-coconut-liquid-hand-wash-pump-250-ml",
      "supplierProducts": [
        {
          "supplierProductId": 35434,
          "supplierCode": "WOOLIES",
          "supplierName": "Woolworths",
          "price": 2.9,
          "discount": 0,
          "percentDiscount": 0,
          "perGroupQuantity": null,
          "perGroupPrice": null,
          "weightDefinition": "ml",
          "cupPrice": 11.6,
          "cupDefinition": "per L",
          "cupWeight": 250,
          "cupString": "per L",
          "available": true
        },
        {
          "supplierProductId": 15637,
          "supplierCode": "COLES",
          "supplierName": "Coles",
          "price": 3.19,
          "discount": 0,
          "percentDiscount": 0,
          "perGroupQuantity": null,
          "perGroupPrice": null,
          "weightDefinition": "ml",
          "cupPrice": 12.76,
          "cupDefinition": "per L",
          "cupWeight": 250,
          "cupString": "per L",
          "available": true
        }
      ]
    },
    {
      "id": 15638,
      "category": "Health & Beauty",
      "category1": null,
      "category2": "Bath & Shower",
      "category3": "Hand Wash",
      "category4": null,
      "category1Url": null,
      "category2Url": null,
      "category3Url": null,
      "category4Url": null,
      "name": "Lime Mint Foam Pump",
      "brand": "Dettol",
      "brandAndName": "Dettol Lime Mint Foam Pump ",
      "volumeSize": "250ml",
      "imageFileName": "35425.jpg",
      "collected": null,
      "available": null,
      "disableFromView": null,
      "preferredSupplier": null,
      "disableFromListory": null,
      "url": "dettol-lime-mint-foam-pump-250-ml",
      "supplierProducts": [
        {
          "supplierProductId": 15638,
          "supplierCode": "COLES",
          "supplierName": "Coles",
          "price": 3.85,
          "discount": 0,
          "percentDiscount": 0,
          "perGroupQuantity": null,
          "perGroupPrice": null,
          "weightDefinition": "ml",
          "cupPrice": 15.4,
          "cupDefinition": "per L",
          "cupWeight": 250,
          "cupString": "per L",
          "available": true
        },
        {
          "supplierProductId": 35425,
          "supplierCode": "WOOLIES",
          "supplierName": "Woolworths",
          "price": 3,
          "discount": 0,
          "percentDiscount": 0,
          "perGroupQuantity": 0,
          "perGroupPrice": 0,
          "weightDefinition": "ml",
          "cupPrice": 12,
          "cupDefinition": "per L",
          "cupWeight": 250,
          "cupString": "per L",
          "available": true
        }
      ]
    },
    {
      "id": 15643,
      "category": "Health & Beauty",
      "category1": null,
      "category2": "Bath & Shower",
      "category3": "Hand Wash",
      "category4": null,
      "category1Url": null,
      "category2Url": null,
      "category3Url": null,
      "category4Url": null,
      "name": "Orange & Almond Liquid Hand Wash",
      "brand": "Thank you",
      "brandAndName": "Thank you Orange & Almond Liquid Hand Wash ",
      "volumeSize": "500ml",
      "imageFileName": "35475.jpg",
      "collected": null,
      "available": null,
      "disableFromView": null,
      "preferredSupplier": null,
      "disableFromListory": null,
      "url": "thank-you-orange-and-almond-liquid-hand-wash-500-ml",
      "supplierProducts": [
        {
          "supplierProductId": 35475,
          "supplierCode": "WOOLIES",
          "supplierName": "Woolworths",
          "price": 7.5,
          "discount": 0,
          "percentDiscount": 0,
          "perGroupQuantity": null,
          "perGroupPrice": null,
          "weightDefinition": "ml",
          "cupPrice": 15,
          "cupDefinition": "per L",
          "cupWeight": 500,
          "cupString": "per L",
          "available": true
        }
      ]
    },
    {
      "id": 15647,
      "category": "Health & Beauty",
      "category1": null,
      "category2": "Bath & Shower",
      "category3": "Hand Wash",
      "category4": null,
      "category1Url": null,
      "category2Url": null,
      "category3Url": null,
      "category4Url": null,
      "name": "Antibacterial Lime Liquid Softwash Pump",
      "brand": "Palmolive",
      "brandAndName": "Palmolive Antibacterial Lime Liquid Softwash Pump ",
      "volumeSize": "250ml",
      "imageFileName": "15647.jpg",
      "collected": null,
      "available": null,
      "disableFromView": null,
      "preferredSupplier": null,
      "disableFromListory": null,
      "url": "palmolive-antibacterial-lime-liquid-softwash-pump-250-ml",
      "supplierProducts": [
        {
          "supplierProductId": 15647,
          "supplierCode": "COLES",
          "supplierName": "Coles",
          "price": 3.08,
          "discount": 0,
          "percentDiscount": 0,
          "perGroupQuantity": null,
          "perGroupPrice": null,
          "weightDefinition": "ml",
          "cupPrice": 12.32,
          "cupDefinition": "per L",
          "cupWeight": 250,
          "cupString": "per L",
          "available": true
        }
      ]
    },
    {
      "id": 15648,
      "category": "Health & Beauty",
      "category1": null,
      "category2": "Bath & Shower",
      "category3": "Hand Wash",
      "category4": null,
      "category1Url": null,
      "category2Url": null,
      "category3Url": null,
      "category4Url": null,
      "name": "Aloe Vera Liquid Softwash Pump",
      "brand": "Palmolive",
      "brandAndName": "Palmolive Aloe Vera Liquid Softwash Pump ",
      "volumeSize": "250ml",
      "imageFileName": "15648.jpg",
      "collected": null,
      "available": null,
      "disableFromView": null,
      "preferredSupplier": null,
      "disableFromListory": null,
      "url": "palmolive-aloe-vera-liquid-softwash-pump-250-ml",
      "supplierProducts": [
        {
          "supplierProductId": 15648,
          "supplierCode": "COLES",
          "supplierName": "Coles",
          "price": 3.08,
          "discount": 0,
          "percentDiscount": 0,
          "perGroupQuantity": null,
          "perGroupPrice": null,
          "weightDefinition": "ml",
          "cupPrice": 12.32,
          "cupDefinition": "per L",
          "cupWeight": 250,
          "cupString": "per L",
          "available": true
        }
      ]
    },
    {
      "id": 15651,
      "category": "Health & Beauty",
      "category1": null,
      "category2": "Bath & Shower",
      "category3": "Hand Wash",
      "category4": null,
      "category1Url": null,
      "category2Url": null,
      "category3Url": null,
      "category4Url": null,
      "name": "Raspberry Hand Wash Liquid",
      "brand": "Dettol",
      "brandAndName": "Dettol Raspberry Hand Wash Liquid ",
      "volumeSize": "250ml",
      "imageFileName": "35428.jpg",
      "collected": null,
      "available": null,
      "disableFromView": null,
      "preferredSupplier": null,
      "disableFromListory": null,
      "url": "dettol-raspberry-hand-wash-liquid-250-ml",
      "supplierProducts": [
        {
          "supplierProductId": 15651,
          "supplierCode": "COLES",
          "supplierName": "Coles",
          "price": 3.19,
          "discount": 0,
          "percentDiscount": 0,
          "perGroupQuantity": null,
          "perGroupPrice": null,
          "weightDefinition": "ml",
          "cupPrice": 12.76,
          "cupDefinition": "per L",
          "cupWeight": 250,
          "cupString": "per L",
          "available": true
        },
        {
          "supplierProductId": 35428,
          "supplierCode": "WOOLIES",
          "supplierName": "Woolworths",
          "price": 2.9,
          "discount": 0,
          "percentDiscount": 0,
          "perGroupQuantity": null,
          "perGroupPrice": null,
          "weightDefinition": "ml",
          "cupPrice": 11.6,
          "cupDefinition": "per L",
          "cupWeight": 250,
          "cupString": "per L",
          "available": true
        }
      ]
    },
    {
      "id": 15655,
      "category": "Health & Beauty",
      "category1": null,
      "category2": "Bath & Shower",
      "category3": "Hand Wash",
      "category4": null,
      "category1Url": null,
      "category2Url": null,
      "category3Url": null,
      "category4Url": null,
      "name": "Oil Infusions Citrus Liquid Hand Wash Pump",
      "brand": "Palmolive",
      "brandAndName": "Palmolive Oil Infusions Citrus Liquid Hand Wash Pump ",
      "volumeSize": "500ml",
      "imageFileName": "15655.jpg",
      "collected": null,
      "available": null,
      "disableFromView": null,
      "preferredSupplier": null,
      "disableFromListory": null,
      "url": "palmolive-oil-infusions-citrus-liquid-hand-wash-pump-500-ml",
      "supplierProducts": [
        {
          "supplierProductId": 87417,
          "supplierCode": "WOOLIES",
          "supplierName": "Woolworths",
          "price": 8,
          "discount": 0,
          "percentDiscount": 0,
          "perGroupQuantity": null,
          "perGroupPrice": null,
          "weightDefinition": "ml",
          "cupPrice": 16,
          "cupDefinition": "per L",
          "cupWeight": 500,
          "cupString": "per L",
          "available": true
        }
      ]
    },
    {
      "id": 15659,
      "category": "Health & Beauty",
      "category1": null,
      "category2": "Bath & Shower",
      "category3": "Hand Wash",
      "category4": null,
      "category1Url": null,
      "category2Url": null,
      "category3Url": null,
      "category4Url": null,
      "name": "Desert Lime & Coconut Hand Wash",
      "brand": "Bx Earth",
      "brandAndName": "Bx Earth Desert Lime & Coconut Hand Wash ",
      "volumeSize": "300ml",
      "imageFileName": "15659.jpg",
      "collected": null,
      "available": null,
      "disableFromView": null,
      "preferredSupplier": null,
      "disableFromListory": null,
      "url": "bx-earth-desert-lime-and-coconut-hand-wash-300-ml",
      "supplierProducts": [
        {
          "supplierProductId": 15659,
          "supplierCode": "COLES",
          "supplierName": "Coles",
          "price": 5.5,
          "discount": 0,
          "percentDiscount": 0,
          "perGroupQuantity": null,
          "perGroupPrice": null,
          "weightDefinition": "ml",
          "cupPrice": 18.33,
          "cupDefinition": "per L",
          "cupWeight": 300,
          "cupString": "per L",
          "available": true
        }
      ]
    },
    {
      "id": 15675,
      "category": "Health & Beauty",
      "category1": null,
      "category2": "Bath & Shower",
      "category3": "Hand Wash",
      "category4": null,
      "category1Url": null,
      "category2Url": null,
      "category3Url": null,
      "category4Url": null,
      "name": "Antibacterial Handwash Pump",
      "brand": "Coles",
      "brandAndName": "Coles Antibacterial Handwash Pump ",
      "volumeSize": "250ml",
      "imageFileName": "15675.jpg",
      "collected": null,
      "available": null,
      "disableFromView": null,
      "preferredSupplier": null,
      "disableFromListory": null,
      "url": "coles-antibacterial-handwash-pump-250-ml",
      "supplierProducts": [
        {
          "supplierProductId": 15675,
          "supplierCode": "COLES",
          "supplierName": "Coles",
          "price": 1.5,
          "discount": 0,
          "percentDiscount": 0,
          "perGroupQuantity": 0,
          "perGroupPrice": 0,
          "weightDefinition": "ml",
          "cupPrice": 6,
          "cupDefinition": "per L",
          "cupWeight": 250,
          "cupString": "per L",
          "available": true
        }
      ]
    },
    {
      "id": 15676,
      "category": "Health & Beauty",
      "category1": null,
      "category2": "Bath & Shower",
      "category3": "Hand Wash",
      "category4": null,
      "category1Url": null,
      "category2Url": null,
      "category3Url": null,
      "category4Url": null,
      "name": "Citrus Lime Handwash Pump",
      "brand": "Coles",
      "brandAndName": "Coles Citrus Lime Handwash Pump ",
      "volumeSize": "250ml",
      "imageFileName": "15676.jpg",
      "collected": null,
      "available": null,
      "disableFromView": null,
      "preferredSupplier": null,
      "disableFromListory": null,
      "url": "coles-citrus-lime-handwash-pump-250-ml",
      "supplierProducts": [
        {
          "supplierProductId": 15676,
          "supplierCode": "COLES",
          "supplierName": "Coles",
          "price": 1.5,
          "discount": 0,
          "percentDiscount": 0,
          "perGroupQuantity": 0,
          "perGroupPrice": 0,
          "weightDefinition": "ml",
          "cupPrice": 6,
          "cupDefinition": "per L",
          "cupWeight": 250,
          "cupString": "per L",
          "available": true
        }
      ]
    },
    {
      "id": 15685,
      "category": "Health & Beauty",
      "category1": null,
      "category2": "Bath & Shower",
      "category3": "Hand Wash",
      "category4": null,
      "category1Url": null,
      "category2Url": null,
      "category3Url": null,
      "category4Url": null,
      "name": "Oil Infusions Jasmine Liquid Hand Wash Pump",
      "brand": "Palmolive",
      "brandAndName": "Palmolive Oil Infusions Jasmine Liquid Hand Wash Pump ",
      "volumeSize": "500ml",
      "imageFileName": "15685.jpg",
      "collected": null,
      "available": null,
      "disableFromView": null,
      "preferredSupplier": null,
      "disableFromListory": null,
      "url": "palmolive-oil-infusions-jasmine-liquid-hand-wash-pump-500-ml",
      "supplierProducts": [
        {
          "supplierProductId": 87415,
          "supplierCode": "WOOLIES",
          "supplierName": "Woolworths",
          "price": 8,
          "discount": 0,
          "percentDiscount": 0,
          "perGroupQuantity": null,
          "perGroupPrice": null,
          "weightDefinition": "ml",
          "cupPrice": 16,
          "cupDefinition": "per L",
          "cupWeight": 500,
          "cupString": "per L",
          "available": true
        }
      ]
    },
    {
      "id": 15686,
      "category": "Health & Beauty",
      "category1": null,
      "category2": "Bath & Shower",
      "category3": "Hand Wash",
      "category4": null,
      "category1Url": null,
      "category2Url": null,
      "category3Url": null,
      "category4Url": null,
      "name": "Oil Infusions Rose Liquid Hand Wash Pump",
      "brand": "Palmolive",
      "brandAndName": "Palmolive Oil Infusions Rose Liquid Hand Wash Pump ",
      "volumeSize": "500ml",
      "imageFileName": "15686.jpg",
      "collected": null,
      "available": null,
      "disableFromView": null,
      "preferredSupplier": null,
      "disableFromListory": null,
      "url": "palmolive-oil-infusions-rose-liquid-hand-wash-pump-500-ml",
      "supplierProducts": [
        {
          "supplierProductId": 15686,
          "supplierCode": "COLES",
          "supplierName": "Coles",
          "price": 8.79,
          "discount": 0,
          "percentDiscount": 0,
          "perGroupQuantity": null,
          "perGroupPrice": null,
          "weightDefinition": "ml",
          "cupPrice": 17.58,
          "cupDefinition": "per L",
          "cupWeight": 500,
          "cupString": "per L",
          "available": true
        },
        {
          "supplierProductId": 86813,
          "supplierCode": "WOOLIES",
          "supplierName": "Woolworths",
          "price": 8,
          "discount": 0,
          "percentDiscount": 0,
          "perGroupQuantity": null,
          "perGroupPrice": null,
          "weightDefinition": "ml",
          "cupPrice": 16,
          "cupDefinition": "per L",
          "cupWeight": 500,
          "cupString": "per L",
          "available": true
        }
      ]
    },
    {
      "id": 19825,
      "category": "Health & Beauty",
      "category1": null,
      "category2": "Bath & Shower",
      "category3": "Hand Wash",
      "category4": null,
      "category1Url": null,
      "category2Url": null,
      "category3Url": null,
      "category4Url": null,
      "name": "Lime & Coriander Hand Wash",
      "brand": "Thank you",
      "brandAndName": "Thank you Lime & Coriander Hand Wash ",
      "volumeSize": "500ml",
      "imageFileName": "35474.jpg",
      "collected": null,
      "available": null,
      "disableFromView": null,
      "preferredSupplier": null,
      "disableFromListory": null,
      "url": "thank-you-lime-and-coriander-hand-wash-500-ml",
      "supplierProducts": [
        {
          "supplierProductId": 35474,
          "supplierCode": "WOOLIES",
          "supplierName": "Woolworths",
          "price": 7.5,
          "discount": 0,
          "percentDiscount": 0,
          "perGroupQuantity": null,
          "perGroupPrice": null,
          "weightDefinition": "ml",
          "cupPrice": 15,
          "cupDefinition": "per L",
          "cupWeight": 500,
          "cupString": "per L",
          "available": true
        }
      ]
    },
    {
      "id": 35419,
      "category": "Health & Beauty",
      "category1": null,
      "category2": "Bath & Shower",
      "category3": "Hand Wash",
      "category4": null,
      "category1Url": null,
      "category2Url": null,
      "category3Url": null,
      "category4Url": null,
      "name": "Natural Hand Wash Olive Oil & Byron Rose",
      "brand": "Bx Earth",
      "brandAndName": "Bx Earth Natural Hand Wash Olive Oil & Byron Rose ",
      "volumeSize": "300ml",
      "imageFileName": "35419.jpg",
      "collected": null,
      "available": null,
      "disableFromView": null,
      "preferredSupplier": null,
      "disableFromListory": null,
      "url": "bx-earth-natural-hand-wash-olive-oil-and-byron-rose-300-ml",
      "supplierProducts": [
        {
          "supplierProductId": 35419,
          "supplierCode": "WOOLIES",
          "supplierName": "Woolworths",
          "price": 5,
          "discount": 0,
          "percentDiscount": 0,
          "perGroupQuantity": null,
          "perGroupPrice": null,
          "weightDefinition": "ml",
          "cupPrice": 16.67,
          "cupDefinition": "per L",
          "cupWeight": 300,
          "cupString": "per L",
          "available": true
        }
      ]
    },
    {
      "id": 35420,
      "category": "Health & Beauty",
      "category1": null,
      "category2": "Bath & Shower",
      "category3": "Hand Wash",
      "category4": null,
      "category1Url": null,
      "category2Url": null,
      "category3Url": null,
      "category4Url": null,
      "name": "Natural Hand Wash Pineapple & Coconut",
      "brand": "Bx Earth",
      "brandAndName": "Bx Earth Natural Hand Wash Pineapple & Coconut ",
      "volumeSize": "300ml",
      "imageFileName": "35420.jpg",
      "collected": null,
      "available": null,
      "disableFromView": null,
      "preferredSupplier": null,
      "disableFromListory": null,
      "url": "bx-earth-natural-hand-wash-pineapple-and-coconut-300-ml",
      "supplierProducts": [
        {
          "supplierProductId": 35420,
          "supplierCode": "WOOLIES",
          "supplierName": "Woolworths",
          "price": 5,
          "discount": 0,
          "percentDiscount": 0,
          "perGroupQuantity": null,
          "perGroupPrice": null,
          "weightDefinition": "ml",
          "cupPrice": 16.67,
          "cupDefinition": "per L",
          "cupWeight": 300,
          "cupString": "per L",
          "available": true
        }
      ]
    },
    {
      "id": 35435,
      "category": "Health & Beauty",
      "category1": null,
      "category2": "Bath & Shower",
      "category3": "Hand Wash",
      "category4": null,
      "category1Url": null,
      "category2Url": null,
      "category3Url": null,
      "category4Url": null,
      "name": "Liquid Hand Wash Pump Wild Rose & Berry",
      "brand": "Dettol",
      "brandAndName": "Dettol Liquid Hand Wash Pump Wild Rose & Berry ",
      "volumeSize": "250ml",
      "imageFileName": "35435.jpg",
      "collected": null,
      "available": null,
      "disableFromView": null,
      "preferredSupplier": null,
      "disableFromListory": null,
      "url": "dettol-liquid-hand-wash-pump-wild-rose-and-berry-250-ml",
      "supplierProducts": [
        {
          "supplierProductId": 35435,
          "supplierCode": "WOOLIES",
          "supplierName": "Woolworths",
          "price": 2.9,
          "discount": 0,
          "percentDiscount": 0,
          "perGroupQuantity": null,
          "perGroupPrice": null,
          "weightDefinition": "ml",
          "cupPrice": 11.6,
          "cupDefinition": "per L",
          "cupWeight": 250,
          "cupString": "per L",
          "available": true
        }
      ]
    },
    {
      "id": 35443,
      "category": "Health & Beauty",
      "category1": null,
      "category2": "Bath & Shower",
      "category3": "Hand Wash",
      "category4": null,
      "category1Url": null,
      "category2Url": null,
      "category3Url": null,
      "category4Url": null,
      "name": "Handwash Pump Coconut & Vanilla",
      "brand": "Ecostore",
      "brandAndName": "Ecostore Handwash Pump Coconut & Vanilla ",
      "volumeSize": "250ml",
      "imageFileName": "35443.jpg",
      "collected": null,
      "available": null,
      "disableFromView": null,
      "preferredSupplier": null,
      "disableFromListory": null,
      "url": "ecostore-handwash-pump-coconut-and-vanilla-250-ml",
      "supplierProducts": [
        {
          "supplierProductId": 35443,
          "supplierCode": "WOOLIES",
          "supplierName": "Woolworths",
          "price": 6.29,
          "discount": 0,
          "percentDiscount": 0,
          "perGroupQuantity": null,
          "perGroupPrice": null,
          "weightDefinition": "ml",
          "cupPrice": 25.16,
          "cupDefinition": "per L",
          "cupWeight": 250,
          "cupString": "per L",
          "available": true
        }
      ]
    },
    {
      "id": 35471,
      "category": "Health & Beauty",
      "category1": null,
      "category2": "Bath & Shower",
      "category3": "Hand Wash",
      "category4": null,
      "category1Url": null,
      "category2Url": null,
      "category3Url": null,
      "category4Url": null,
      "name": "Handwash Liquid",
      "brand": "Pears",
      "brandAndName": "Pears Handwash Liquid ",
      "volumeSize": "237ml",
      "imageFileName": "35471.jpg",
      "collected": null,
      "available": null,
      "disableFromView": null,
      "preferredSupplier": null,
      "disableFromListory": null,
      "url": "pears-handwash-liquid-237-ml",
      "supplierProducts": [
        {
          "supplierProductId": 35471,
          "supplierCode": "WOOLIES",
          "supplierName": "Woolworths",
          "price": 3.49,
          "discount": 0,
          "percentDiscount": 0,
          "perGroupQuantity": null,
          "perGroupPrice": null,
          "weightDefinition": "ml",
          "cupPrice": 14.73,
          "cupDefinition": "per L",
          "cupWeight": 237,
          "cupString": "per L",
          "available": true
        }
      ]
    },
    {
      "id": 54637,
      "category": "Health & Beauty",
      "category1": null,
      "category2": "Bath & Shower",
      "category3": "Hand Wash",
      "category4": null,
      "category1Url": null,
      "category2Url": null,
      "category3Url": null,
      "category4Url": null,
      "name": "Refresh Hand Wash Liquid Pump",
      "brand": "Dettol",
      "brandAndName": "Dettol Refresh Hand Wash Liquid Pump ",
      "volumeSize": "250ml",
      "imageFileName": "54637.jpg",
      "collected": null,
      "available": null,
      "disableFromView": null,
      "preferredSupplier": null,
      "disableFromListory": null,
      "url": "dettol-refresh-hand-wash-liquid-pump-250-ml",
      "supplierProducts": [
        {
          "supplierProductId": 35433,
          "supplierCode": "WOOLIES",
          "supplierName": "Woolworths",
          "price": 2.9,
          "discount": 0,
          "percentDiscount": 0,
          "perGroupQuantity": null,
          "perGroupPrice": null,
          "weightDefinition": "ml",
          "cupPrice": 11.6,
          "cupDefinition": "per L",
          "cupWeight": 250,
          "cupString": "per L",
          "available": true
        },
        {
          "supplierProductId": 54637,
          "supplierCode": "COLES",
          "supplierName": "Coles",
          "price": 3.19,
          "discount": 0,
          "percentDiscount": 0,
          "perGroupQuantity": null,
          "perGroupPrice": null,
          "weightDefinition": "ml",
          "cupPrice": 12.76,
          "cupDefinition": "per L",
          "cupWeight": 250,
          "cupString": "per L",
          "available": true
        }
      ]
    },
    {
      "id": 55780,
      "category": "Health & Beauty",
      "category1": null,
      "category2": "Bath & Shower",
      "category3": "Hand Wash",
      "category4": null,
      "category1Url": null,
      "category2Url": null,
      "category3Url": null,
      "category4Url": null,
      "name": "Moisture Liquid Hand Wash Pump",
      "brand": "Dettol",
      "brandAndName": "Dettol Moisture Liquid Hand Wash Pump ",
      "volumeSize": "250ml",
      "imageFileName": "15625.jpg",
      "collected": null,
      "available": null,
      "disableFromView": null,
      "preferredSupplier": null,
      "disableFromListory": null,
      "url": "dettol-moisture-liquid-hand-wash-pump-250-ml",
      "supplierProducts": [
        {
          "supplierProductId": 15625,
          "supplierCode": "COLES",
          "supplierName": "Coles",
          "price": 3.19,
          "discount": 0,
          "percentDiscount": 0,
          "perGroupQuantity": null,
          "perGroupPrice": null,
          "weightDefinition": "ml",
          "cupPrice": 12.76,
          "cupDefinition": "per L",
          "cupWeight": 250,
          "cupString": "per L",
          "available": true
        }
      ]
    },
    {
      "id": 55872,
      "category": "Health & Beauty",
      "category1": null,
      "category2": "Bath & Shower",
      "category3": "Hand Wash",
      "category4": null,
      "category1Url": null,
      "category2Url": null,
      "category3Url": null,
      "category4Url": null,
      "name": "Botanical Patchouli & Vanilla Handwash",
      "brand": "Thank you",
      "brandAndName": "Thank you Botanical Patchouli & Vanilla Handwash ",
      "volumeSize": "500ml",
      "imageFileName": "35476.jpg",
      "collected": null,
      "available": null,
      "disableFromView": null,
      "preferredSupplier": null,
      "disableFromListory": null,
      "url": "thank-you-botanical-patchouli-and-vanilla-handwash-500-ml",
      "supplierProducts": [
        {
          "supplierProductId": 35476,
          "supplierCode": "WOOLIES",
          "supplierName": "Woolworths",
          "price": 7.5,
          "discount": 0,
          "percentDiscount": 0,
          "perGroupQuantity": null,
          "perGroupPrice": null,
          "weightDefinition": "ml",
          "cupPrice": 15,
          "cupDefinition": "per L",
          "cupWeight": 500,
          "cupString": "per L",
          "available": true
        }
      ]
    },
    {
      "id": 56573,
      "category": "Health & Beauty",
      "category1": null,
      "category2": "Bath & Shower",
      "category3": "Hand Wash",
      "category4": null,
      "category1Url": null,
      "category2Url": null,
      "category3Url": null,
      "category4Url": null,
      "name": "Regular Liquid Soap Hand Wash",
      "brand": "Pears",
      "brandAndName": "Pears Regular Liquid Soap Hand Wash ",
      "volumeSize": "237ml",
      "imageFileName": "55559.jpg",
      "collected": null,
      "available": null,
      "disableFromView": null,
      "preferredSupplier": null,
      "disableFromListory": null,
      "url": "pears-regular-liquid-soap-hand-wash-237-ml",
      "supplierProducts": [
        {
          "supplierProductId": 55559,
          "supplierCode": "COLES",
          "supplierName": "Coles",
          "price": 3.84,
          "discount": 0,
          "percentDiscount": 0,
          "perGroupQuantity": null,
          "perGroupPrice": null,
          "weightDefinition": "ml",
          "cupPrice": 16.2,
          "cupDefinition": "per L",
          "cupWeight": 237,
          "cupString": "per L",
          "available": true
        }
      ]
    },
    {
      "id": 56614,
      "category": "Health & Beauty",
      "category1": null,
      "category2": "Bath & Shower",
      "category3": "Hand Wash",
      "category4": null,
      "category1Url": null,
      "category2Url": null,
      "category3Url": null,
      "category4Url": null,
      "name": "Cherry Blossom Pump Foam Hand Wash",
      "brand": "Palmolive",
      "brandAndName": "Palmolive Cherry Blossom Pump Foam Hand Wash ",
      "volumeSize": "250ml",
      "imageFileName": "55600.jpg",
      "collected": null,
      "available": null,
      "disableFromView": null,
      "preferredSupplier": null,
      "disableFromListory": null,
      "url": "palmolive-cherry-blossom-pump-foam-hand-wash-250-ml",
      "supplierProducts": [
        {
          "supplierProductId": 55600,
          "supplierCode": "COLES",
          "supplierName": "Coles",
          "price": 3.85,
          "discount": 0,
          "percentDiscount": 0,
          "perGroupQuantity": null,
          "perGroupPrice": null,
          "weightDefinition": "ml",
          "cupPrice": 15.4,
          "cupDefinition": "per L",
          "cupWeight": 250,
          "cupString": "per L",
          "available": true
        },
        {
          "supplierProductId": 87439,
          "supplierCode": "WOOLIES",
          "supplierName": "Woolworths",
          "price": 3.5,
          "discount": 0,
          "percentDiscount": 0,
          "perGroupQuantity": null,
          "perGroupPrice": null,
          "weightDefinition": "ml",
          "cupPrice": 14,
          "cupDefinition": "per L",
          "cupWeight": 250,
          "cupString": "per L",
          "available": true
        }
      ]
    },
    {
      "id": 88372,
      "category": "Health & Beauty",
      "category1": null,
      "category2": "Bath & Shower",
      "category3": "Hand Wash",
      "category4": null,
      "category1Url": null,
      "category2Url": null,
      "category3Url": null,
      "category4Url": null,
      "name": "Liquid Hand Wash Gardenia & Orange Blossom",
      "brand": "Balnea",
      "brandAndName": "Balnea Liquid Hand Wash Gardenia & Orange Blossom ",
      "volumeSize": "750ml",
      "imageFileName": null,
      "collected": null,
      "available": null,
      "disableFromView": null,
      "preferredSupplier": null,
      "disableFromListory": null,
      "url": "balnea-liquid-hand-wash-gardenia-and-orange-blossom-750-ml",
      "supplierProducts": [
        {
          "supplierProductId": 87302,
          "supplierCode": "WOOLIES",
          "supplierName": "Woolworths",
          "price": 2.5,
          "discount": 0,
          "percentDiscount": 0,
          "perGroupQuantity": null,
          "perGroupPrice": null,
          "weightDefinition": "ml",
          "cupPrice": 3.33,
          "cupDefinition": "per L",
          "cupWeight": 750,
          "cupString": "per L",
          "available": true
        }
      ]
    },
    {
      "id": 88373,
      "category": "Health & Beauty",
      "category1": null,
      "category2": "Bath & Shower",
      "category3": "Hand Wash",
      "category4": null,
      "category1Url": null,
      "category2Url": null,
      "category3Url": null,
      "category4Url": null,
      "name": "Liquid Hand Wash Refreshing Pump",
      "brand": "Balnea",
      "brandAndName": "Balnea Liquid Hand Wash Refreshing Pump ",
      "volumeSize": "250ml",
      "imageFileName": null,
      "collected": null,
      "available": null,
      "disableFromView": null,
      "preferredSupplier": null,
      "disableFromListory": null,
      "url": "balnea-liquid-hand-wash-refreshing-pump-250-ml",
      "supplierProducts": [
        {
          "supplierProductId": 87303,
          "supplierCode": "WOOLIES",
          "supplierName": "Woolworths",
          "price": 1.5,
          "discount": 0,
          "percentDiscount": 0,
          "perGroupQuantity": null,
          "perGroupPrice": null,
          "weightDefinition": "ml",
          "cupPrice": 6,
          "cupDefinition": "per L",
          "cupWeight": 250,
          "cupString": "per L",
          "available": true
        }
      ]
    },
    {
      "id": 88374,
      "category": "Health & Beauty",
      "category1": null,
      "category2": "Bath & Shower",
      "category3": "Hand Wash",
      "category4": null,
      "category1Url": null,
      "category2Url": null,
      "category3Url": null,
      "category4Url": null,
      "name": "Liquid Hand Wash Nourishing Pump",
      "brand": "Balnea",
      "brandAndName": "Balnea Liquid Hand Wash Nourishing Pump ",
      "volumeSize": "250ml",
      "imageFileName": null,
      "collected": null,
      "available": null,
      "disableFromView": null,
      "preferredSupplier": null,
      "disableFromListory": null,
      "url": "balnea-liquid-hand-wash-nourishing-pump-250-ml",
      "supplierProducts": [
        {
          "supplierProductId": 87304,
          "supplierCode": "WOOLIES",
          "supplierName": "Woolworths",
          "price": 1.5,
          "discount": 0,
          "percentDiscount": 0,
          "perGroupQuantity": null,
          "perGroupPrice": null,
          "weightDefinition": "ml",
          "cupPrice": 6,
          "cupDefinition": "per L",
          "cupWeight": 250,
          "cupString": "per L",
          "available": true
        }
      ]
    },
    {
      "id": 88375,
      "category": "Health & Beauty",
      "category1": null,
      "category2": "Bath & Shower",
      "category3": "Hand Wash",
      "category4": null,
      "category1Url": null,
      "category2Url": null,
      "category3Url": null,
      "category4Url": null,
      "name": "Liquid Hand Wash Enriching Refill",
      "brand": "Balnea",
      "brandAndName": "Balnea Liquid Hand Wash Enriching Refill ",
      "volumeSize": "750ml",
      "imageFileName": null,
      "collected": null,
      "available": null,
      "disableFromView": null,
      "preferredSupplier": null,
      "disableFromListory": null,
      "url": "balnea-liquid-hand-wash-enriching-refill-750-ml",
      "supplierProducts": [
        {
          "supplierProductId": 87305,
          "supplierCode": "WOOLIES",
          "supplierName": "Woolworths",
          "price": 2.5,
          "discount": 0,
          "percentDiscount": 0,
          "perGroupQuantity": null,
          "perGroupPrice": null,
          "weightDefinition": "ml",
          "cupPrice": 3.33,
          "cupDefinition": "per L",
          "cupWeight": 750,
          "cupString": "per L",
          "available": true
        }
      ]
    },
    {
      "id": 88376,
      "category": "Health & Beauty",
      "category1": null,
      "category2": "Bath & Shower",
      "category3": "Hand Wash",
      "category4": null,
      "category1Url": null,
      "category2Url": null,
      "category3Url": null,
      "category4Url": null,
      "name": "Liquid Hand Wash Enriching Pump",
      "brand": "Balnea",
      "brandAndName": "Balnea Liquid Hand Wash Enriching Pump ",
      "volumeSize": "250ml",
      "imageFileName": null,
      "collected": null,
      "available": null,
      "disableFromView": null,
      "preferredSupplier": null,
      "disableFromListory": null,
      "url": "balnea-liquid-hand-wash-enriching-pump-250-ml",
      "supplierProducts": [
        {
          "supplierProductId": 87306,
          "supplierCode": "WOOLIES",
          "supplierName": "Woolworths",
          "price": 1.5,
          "discount": 0,
          "percentDiscount": 0,
          "perGroupQuantity": null,
          "perGroupPrice": null,
          "weightDefinition": "ml",
          "cupPrice": 6,
          "cupDefinition": "per L",
          "cupWeight": 250,
          "cupString": "per L",
          "available": true
        }
      ]
    },
    {
      "id": 88377,
      "category": "Health & Beauty",
      "category1": null,
      "category2": "Bath & Shower",
      "category3": "Hand Wash",
      "category4": null,
      "category1Url": null,
      "category2Url": null,
      "category3Url": null,
      "category4Url": null,
      "name": "Liquid Hand Wash Antibacterial Vitamin E Refill",
      "brand": "Balnea",
      "brandAndName": "Balnea Liquid Hand Wash Antibacterial Vitamin E Refill ",
      "volumeSize": "750ml",
      "imageFileName": null,
      "collected": null,
      "available": null,
      "disableFromView": null,
      "preferredSupplier": null,
      "disableFromListory": null,
      "url": "balnea-liquid-hand-wash-antibacterial-vitamin-e-refill-750-ml",
      "supplierProducts": [
        {
          "supplierProductId": 87307,
          "supplierCode": "WOOLIES",
          "supplierName": "Woolworths",
          "price": 2.5,
          "discount": 0,
          "percentDiscount": 0,
          "perGroupQuantity": null,
          "perGroupPrice": null,
          "weightDefinition": "ml",
          "cupPrice": 3.33,
          "cupDefinition": "per L",
          "cupWeight": 750,
          "cupString": "per L",
          "available": true
        }
      ]
    },
    {
      "id": 88378,
      "category": "Health & Beauty",
      "category1": null,
      "category2": "Bath & Shower",
      "category3": "Hand Wash",
      "category4": null,
      "category1Url": null,
      "category2Url": null,
      "category3Url": null,
      "category4Url": null,
      "name": "Liquid Hand Wash Antibacterial Vitamin E Pump",
      "brand": "Balnea",
      "brandAndName": "Balnea Liquid Hand Wash Antibacterial Vitamin E Pump ",
      "volumeSize": "250ml",
      "imageFileName": null,
      "collected": null,
      "available": null,
      "disableFromView": null,
      "preferredSupplier": null,
      "disableFromListory": null,
      "url": "balnea-liquid-hand-wash-antibacterial-vitamin-e-pump-250-ml",
      "supplierProducts": [
        {
          "supplierProductId": 87308,
          "supplierCode": "WOOLIES",
          "supplierName": "Woolworths",
          "price": 1.5,
          "discount": 0,
          "percentDiscount": 0,
          "perGroupQuantity": null,
          "perGroupPrice": null,
          "weightDefinition": "ml",
          "cupPrice": 6,
          "cupDefinition": "per L",
          "cupWeight": 250,
          "cupString": "per L",
          "available": true
        }
      ]
    },
    {
      "id": 88379,
      "category": "Health & Beauty",
      "category1": null,
      "category2": "Bath & Shower",
      "category3": "Hand Wash",
      "category4": null,
      "category1Url": null,
      "category2Url": null,
      "category3Url": null,
      "category4Url": null,
      "name": "Liquid Hand Wash Antibacterial Original Refill",
      "brand": "Balnea",
      "brandAndName": "Balnea Liquid Hand Wash Antibacterial Original Refill ",
      "volumeSize": "750ml",
      "imageFileName": null,
      "collected": null,
      "available": null,
      "disableFromView": null,
      "preferredSupplier": null,
      "disableFromListory": null,
      "url": "balnea-liquid-hand-wash-antibacterial-original-refill-750-ml",
      "supplierProducts": [
        {
          "supplierProductId": 87309,
          "supplierCode": "WOOLIES",
          "supplierName": "Woolworths",
          "price": 2.5,
          "discount": 0,
          "percentDiscount": 0,
          "perGroupQuantity": null,
          "perGroupPrice": null,
          "weightDefinition": "ml",
          "cupPrice": 3.33,
          "cupDefinition": "per L",
          "cupWeight": 750,
          "cupString": "per L",
          "available": true
        }
      ]
    },
    {
      "id": 88380,
      "category": "Health & Beauty",
      "category1": null,
      "category2": "Bath & Shower",
      "category3": "Hand Wash",
      "category4": null,
      "category1Url": null,
      "category2Url": null,
      "category3Url": null,
      "category4Url": null,
      "name": "Liquid Hand Wash Antibacterial Original Pump",
      "brand": "Balnea",
      "brandAndName": "Balnea Liquid Hand Wash Antibacterial Original Pump ",
      "volumeSize": "250ml",
      "imageFileName": null,
      "collected": null,
      "available": null,
      "disableFromView": null,
      "preferredSupplier": null,
      "disableFromListory": null,
      "url": "balnea-liquid-hand-wash-antibacterial-original-pump-250-ml",
      "supplierProducts": [
        {
          "supplierProductId": 87310,
          "supplierCode": "WOOLIES",
          "supplierName": "Woolworths",
          "price": 1.5,
          "discount": 0,
          "percentDiscount": 0,
          "perGroupQuantity": null,
          "perGroupPrice": null,
          "weightDefinition": "ml",
          "cupPrice": 6,
          "cupDefinition": "per L",
          "cupWeight": 250,
          "cupString": "per L",
          "available": true
        }
      ]
    },
    {
      "id": 88381,
      "category": "Health & Beauty",
      "category1": null,
      "category2": "Bath & Shower",
      "category3": "Hand Wash",
      "category4": null,
      "category1Url": null,
      "category2Url": null,
      "category3Url": null,
      "category4Url": null,
      "name": "Liquid Hand Wash Antibacterial Aloe Vera Pump",
      "brand": "Balnea",
      "brandAndName": "Balnea Liquid Hand Wash Antibacterial Aloe Vera Pump ",
      "volumeSize": "250ml",
      "imageFileName": null,
      "collected": null,
      "available": null,
      "disableFromView": null,
      "preferredSupplier": null,
      "disableFromListory": null,
      "url": "balnea-liquid-hand-wash-antibacterial-aloe-vera-pump-250-ml",
      "supplierProducts": [
        {
          "supplierProductId": 87311,
          "supplierCode": "WOOLIES",
          "supplierName": "Woolworths",
          "price": 1.5,
          "discount": 0,
          "percentDiscount": 0,
          "perGroupQuantity": null,
          "perGroupPrice": null,
          "weightDefinition": "ml",
          "cupPrice": 6,
          "cupDefinition": "per L",
          "cupWeight": 250,
          "cupString": "per L",
          "available": true
        }
      ]
    },
    {
      "id": 88382,
      "category": "Health & Beauty",
      "category1": null,
      "category2": "Bath & Shower",
      "category3": "Hand Wash",
      "category4": null,
      "category1Url": null,
      "category2Url": null,
      "category3Url": null,
      "category4Url": null,
      "name": "Liquid Hand Wash Aloe Vera Refill",
      "brand": "Balnea",
      "brandAndName": "Balnea Liquid Hand Wash Aloe Vera Refill ",
      "volumeSize": "750ml",
      "imageFileName": null,
      "collected": null,
      "available": null,
      "disableFromView": null,
      "preferredSupplier": null,
      "disableFromListory": null,
      "url": "balnea-liquid-hand-wash-aloe-vera-refill-750-ml",
      "supplierProducts": [
        {
          "supplierProductId": 87312,
          "supplierCode": "WOOLIES",
          "supplierName": "Woolworths",
          "price": 2.5,
          "discount": 0,
          "percentDiscount": 0,
          "perGroupQuantity": null,
          "perGroupPrice": null,
          "weightDefinition": "ml",
          "cupPrice": 3.33,
          "cupDefinition": "per L",
          "cupWeight": 750,
          "cupString": "per L",
          "available": true
        }
      ]
    }
  ],
  "isLastPage": false,
  "ageRestriction": null,
  "postcode": 411,
  "hasDOB": false,
  "underAge": false,
  "filters": [
    {
      "code": "BRAND",
      "metaDatas": [
        {
          "name": "Balnea",
          "url": null,
          "count": 15,
          "id": null,
          "parentId": null,
          "level": null
        },
        {
          "name": "Bx Earth",
          "url": null,
          "count": 3,
          "id": null,
          "parentId": null,
          "level": null
        },
        {
          "name": "Coles",
          "url": null,
          "count": 2,
          "id": null,
          "parentId": null,
          "level": null
        },
        {
          "name": "Dettol",
          "url": null,
          "count": 8,
          "id": null,
          "parentId": null,
          "level": null
        },
        {
          "name": "Ecostore",
          "url": null,
          "count": 1,
          "id": null,
          "parentId": null,
          "level": null
        },
        {
          "name": "Palmolive",
          "url": null,
          "count": 10,
          "id": null,
          "parentId": null,
          "level": null
        },
        {
          "name": "Pears",
          "url": null,
          "count": 2,
          "id": null,
          "parentId": null,
          "level": null
        },
        {
          "name": "Thank you",
          "url": null,
          "count": 3,
          "id": null,
          "parentId": null,
          "level": null
        }
      ]
    },
    {
      "code": "CATEGORY1",
      "metaDatas": [
        {
          "name": "Health & Beauty",
          "url": "health-beauty",
          "count": 44,
          "id": 40027,
          "parentId": null,
          "level": 1
        }
      ]
    },
    {
      "code": "CATEGORY2",
      "metaDatas": [
        {
          "name": "Bath & Shower",
          "url": "bath-shower",
          "count": 44,
          "id": 41583,
          "parentId": 40027,
          "level": 2
        }
      ]
    },
    {
      "code": "CATEGORY3",
      "metaDatas": [
        {
          "name": "Hand Wash",
          "url": "hand-wash",
          "count": 44,
          "id": 41588,
          "parentId": 41583,
          "level": 2
        }
      ]
    },
    {
      "code": "VOLUMESIZE",
      "metaDatas": [
        {
          "name": "237ml ",
          "url": null,
          "count": 2,
          "id": null,
          "parentId": null,
          "level": 0
        },
        {
          "name": "250ml ",
          "url": null,
          "count": 26,
          "id": null,
          "parentId": null,
          "level": 0
        },
        {
          "name": "300ml ",
          "url": null,
          "count": 3,
          "id": null,
          "parentId": null,
          "level": 0
        },
        {
          "name": "500ml ",
          "url": null,
          "count": 6,
          "id": null,
          "parentId": null,
          "level": 0
        },
        {
          "name": "750ml ",
          "url": null,
          "count": 6,
          "id": null,
          "parentId": null,
          "level": 0
        },
        {
          "name": "each",
          "url": null,
          "count": 1,
          "id": null,
          "parentId": null,
          "level": 0
        }
      ]
    }
  ]
}
